2438 3744
340 257 641 322 .·ΙΛ1ΑΔοΣ
679 265 793 324 XIII.
995 265 1062 329 243

164 397 202 482 ἠέ
211 423 241 463 τι
254 397 385 482 βέβληαι,
399 399 501 482 βέλεος
515 399 550 463 δέ
559 424 592 463 σε
605 399 694 485 τείρει
708 398 826 482 666,-

79 549 85 560 ,
163 490 201 570 ἠέ
210 514 261 552 τευ
274 488 407 600 ἀγγελίης
419 490 481 569 μετ’
495 489 538 569 ἔμ’
551 487 660 570 ἤλυθες
667 519 678 564 ,·
692 492 762 556 οὐδέ
772 517 819 554 τοι
832 491 923 564 αὐτὸς

164 571 292 660 ησθαι’
277 605 319 640 ενι
311 575 460 660 κλισιησι
475 578 638 660 λιλαίομαι,
653 579 732 644 άλλά
743 581 908 662 μάχεσθαι.

212 669 273 731 Τὸν
287 669 317 730 δ’
331 694 369 732 αν
353 663 534 751 ἸχΜιριόνης
547 671 727 750 πεπνυμένος
741 671 843 734 άντίον
856 669 971 756 ηόδα·

87 764 148 822 255
161 753 329 838 [Ἰδομενεῦ,
343 763 471 872 Κρητῶν
484 759 652 870 βουληφόρε
664 758 917 841 χαλκοχιτώνων]

161 847 296 930 ἔρχομαι,
311 844 341 910 εί
349 848 382 911 τί
392 873 439 911 τοι
453 847 535 929 ἔχχος
549 848 590 910 ε’νι
583 845 733 929 κλισίησι
747 851 906 922 λέλειπται,

162 936 330 1018 οἰσόμενος·
345 939 380 1002 τό
394 963 426 998 νυ
440 935 494 1019 γὰρ
509 937 701 1018 κατεάξαμεν,
715 934 731 1000 ὃ
745 935 813 1020 πρὶν
826 940 954 1020 ἔχεσκον,

160 1025 277 1090 άσπίδα
289 1027 456 1138 Δηϊφόβοιο
470 1022 569 1108 βαλών
582 1027 844 1140 ὑπερηνορέοντος.

209 1116 269 1180 Τὸν
284 1115 314 1178 δ’
328 1111 810 1199 666'1606666616666666763,
825 1116 926 1180 άντίον
939 1114 1029 1198 ηόδα·

88 1213 147 1268 260
161 1203 296 1288 δουρατα
309 1208 349 1279 δ
364 1232 395 1268 αι
409 1233 425 1268 κ
427 1206 614 1315 ἐθέλησθμ,
628 1202 677 1268 καὶ
692 1201 731 1279 ἓν,
746 1203 795 1268 καὶ
810 1204 902 1269 είκοσι
916 1209 1012 1293 δήεις,

163 1293 282 1357 ἑσταότ’
296 1296 326 1358 ἔν
339 1295 436 1376 κλισιή
449 1295 524 1376 πρὸς
538 1293 650 1357 ε’νώπια
663 1295 899 1409 παμιχανόιοντα,

165 1381 323 1467 Τρώϊοι,
292 1411 329 1448 τα
343 1386 493 1464 κταμέναν
505 1384 698 1494 66066666.
711 1386 746 1450 οὐ
759 1381 814 1470 γάρ
828 1386 878 1447 όιοι

163 1473 278 1557 ἀνδρῶν
292 1475 479 1554 δυςμενέιον’
464 1469 535 1546 εκάς
548 1473 704 1554 ιστάιιενος
717 1474 897 1554 πολε.ιιίζειν

163 1567 206 1644 τῷ
218 1589 269 1644 μοι
282 1561 454 1648 δουρατοι
428 1590 445 1628 τ
468 1564 530 1628 ἔστι
544 1591 594 1628 και
585 1560 730 1635 άσπίδες
744 1565 958 1672 όμιχαλόεσσαι,

91 1660 147 1716 265
162 1678 212 1716 και
204 1648 355 1738 κόρυθες
369 1682 418 1717 και
410 1651 568 1737 θώρηκες
580 1655 717 1764 λαμπρὸν
730 1655 902 1766 χιμνόιοντες.

197 1743 271 1806 Τὸν
285 1747 315 1807 δ’
330 1739 367 1808 66
382 1746 532 1827 Μηριόνης
545 1745 726 1826 πεπνυμένος
739 1743 841 1818 άντιόν
854 1740 944 1824 ηόδα·
1009 1817 1011 1826 Ι

162 1831 217 1896 ’καί
226 1859 273 1897 τοι
287 1830 351 1914 ἐμοὶ
364 1834 448 1918 παρά
462 1859 494 1898 τε
507 1834 604 1916 κλισίη
618 1831 666 1897 καὶ
680 1832 861 1916 νηλμελαίνη

162 1922 248 1984 πόλλ’
263 1923 353 2006 ἔναρα
370 1922 574 2008 Τρώων·“άλλ’
589 1924 623 1986 οὐ
636 1925 739 2006 σχεδόν
753 1925 834 1987 ἔστιν
848 1920 982 1985 ἑλέσθαι.

164 2010 230 2075 δύδὲ
247 2009 301 2096 γάρ
316 2015 381 2076 οὐδ’
396 2013 448 2094 ε’μέ
459 2019 533 2094 φημι
546 2015 723 2093 λελασμένον
737 2014 855 2093 ἔμμεναι
869 2012 972 2090 άλκῆς,

91 2111 149 2166 270
158 2098 241 2164 ’άλλδι
252 2100 328 2183 μετά
336 2101 486 2183 ’πρώτοισι
498 2099 594 2184 μάχην
607 2099 664 2165 άνόι
678 2099 864 2185 κυδιάνειραν

163 2187 295 2273 ἵσταμαι,
310 2194 424 2267 ὁππότε
437 2202 532 2263 νεῖκος
546 2189 694 2298 ὀρώρηται
707 2192 857 2272 πολέμοιο.

164 2278 256 2344 άλλον
268 2277 335 2346 ποό
340 2309 406 2347 τινα
419 2284 537 2361 μάλλον
547 2278 674 2362 Ὰχαιών
686 2275 913 2363 χαλκοχιτώνων

162 2371 247 2452 λη’θιο
261 2369 457 2454 μαρνάμενος,
472 2396 504 2434 σε
495 2369 549 2434 δὲ
563 2369 674 2451 ἴδμεναι
688 2372 779 2434 αὐτὸν
793 2372 852 2434 ὀΐω.

210 2457 271 2524 Τόν
285 2463 315 2526 δ’
330 2456 385 2523 αότ
387 2457 575 2541 ’Ἰδομενεός,
589 2462 749 2544 Κρητών’
729 2460 809 2542 αχός,
824 2457 925 2523 άντίον
938 2455 1028 2540 ηόδα·

93 2556 148 2614 275
161 2551 255 2613 οἶδΗ
236 2549 343 2632 αρετλην
357 2548 419 2620 οἷός
434 2551 511 2613 ἐσσι·
525 2551 558 2614 τί
569 2575 601 2614 σε
613 2551 668 2632 χρὴ
658 2555 779 2630 χταότα
793 2551 951 2631 λέχεσθαις

162 2639 190 2711 εί
201 2636 256 2722 γάρ
270 2644 321 2702 νόν
333 2635 416 2723 παρά
430 2637 512 2721 νηυσί
525 2641 685 2754 λεχοίμεθα
698 2637 806 2710 πάντες
820 2637 939 2724 άριστοι

164 2729 201 2800 ἔς
208 2729 306 2838 λόχον,
321 2729 396 2792 ἔνθα
409 2727 561 2812 μάλιστ”
542 2756 632 2814 αρεχιι
619 2729 806 2810 ’χδιαείδεται
819 2731 944 2812 άνδρών,

164 2818 230 2888 ἔνθ’
243 2815 303 2892 ό,τε
316 2822 447 2892 δειλὸς’
428 2823 510 2928 ανήρ,
525 2817 559 2892 ὅς
571 2845 589 2882 τ
590 2819 745 2900 ’άλκιμος,
760 2816 934 2900 ἐξεφαάνθη
946 2853 969 2866 -

164 2911 219 2970 τοῦ
230 2905 282 2989 μὲν
297 2904 363 3022 χάρ
366 2937 399 2974 τε
412 2915 510 2973 κακοῦ
518 2909 657 3021 τρέπεται
663 2906 748 3022 χρώς
762 2906 884 2979 ἄλλυδις
899 2906 989 2988 άλλη·

95 3009 150 3063 280
165 2999 275 3060 οὐδέ
246 3024 274 3061 οι
288 2998 449 3081 άτρέμαςχ
433 2994 556 3063 6666'
542 2995 670 3082 ιρητόετ’
685 2999 715 3060 ἐν
729 3021 814 3082 φρεσι
827 2997 936 3077 θυμός,

166 3084 244 3150 ἀλλὰ
257 3088 438 3168 μετοκλάζει,
453 3086 502 3153 καὶ
517 3089 561 3152 ἐπ’
576 3088 762 3200 άμιχοτέρόυς
775 3087 871 3170 πόδας
885 3083 950 3160 ἵζει·

118 3249 121 3262 x
165 3175 196 3238 ἔν
209 3177 287 3240 δι”
252 3204 284 3241 τε
298 3204 326 3241 οι
320 3179 445 3292 κραδίη
458 3176 570 3288 μεγάλα
584 3179 729 3262 στέρνοισι
741 3173 900 3250 πατάσσει,

164 3270 309 3349 Κηρας’
285 3272 417 3380 οἰομένῳ,
432 3267 567 3384 πάτμχος
581 3269 656 3332 δέτι
669 3268 763 3351 χίχνετ
764 3267 930 3332 ὀδόντων·

165 3381 220 3419 του
206 3359 264 3420 δ’
279 3358 400 3442 άχαθοῦ
414 3358 475 3424 οὔτ’
489 3357 527 3444 άρ
541 3359 681 3444 τρέπεται
692 3357 780 3442 χρώς,
795 3354 863 3502 θχλτε
875 3379 905 3417 ’θ
917 3351 984 3433 661⁹

761 3453 789 3508 X
