2422 3736
464 231 467 240 .
572 234 741 272 mn,-
800 237 826 264 ,,
1055 238 1058 244 .

393 483 799 572 ΙΛΙΑΔΟΣ
864 485 918 570 Η.

570 684 737 707 m

259 796 378 860 Actius,
388 799 474 864 aequis
484 795 568 850 adhuc
577 813 622 850 seu
631 801 762 866 prosperis
772 799 849 850 armis
860 809 990 862 certantes,
1005 811 1097 866 urgent

122 874 124 878 '
208 869 303 918 Hector
313 867 426 928 effaris,
445 869 473 914 in
487 869 617 932 proelium
636 871 730 918 reversi
749 870 771 934 (1
783 865 857 933 -16):
876 869 945 932 quod
955 881 983 918 ut
992 869 1097 918 tandem

209 938 350 994 dirimatur,
370 935 402 983 de
413 935 543 984 Minervae
555 948 581 984 et
589 931 718 1001 Apollinis
729 936 843 995 consilio,
862 929 1004 1000 Heleniquc
1014 955 1095 996 suasu

207 1004 360 1054 fortissimus
371 1003 476 1068 quisque
496 1003 528 1052 ab
537 1003 647 1053 Hectore
663 1005 696 1054 ad
708 1021 822 1070 pugnam
832 1006 987 1068 singularem
1000 1021 1096 1068 provo-

114 1103 126 1114 2
206 1083 277 1120 catur
287 1067 352 1133 (17-
375 1069 407 1136 ι).
422 1067 577 1133 Menelaum,
589 1073 669 1136 quise
680 1075 791 1123 alacrem
801 1073 918 1130 ostendit,
928 1074 1017 1120 ceteris
1029 1090 1096 1128 cun-

206 1139 339 1196 ctantibus,
349 1085 461 1189 deterret
469 1136 631 1204 Agamemno
643 1137 684 1206 (ρο
696 1140 795 1204 -122);
812 1157 887 1199 mcx,
906 1159 921 1189 a
931 1141 1038 1189 Nestore
1053 1142 1097 1188 in-

206 1209 297 1271 stigati,
319 1219 426 1271 surgunt
436 1207 467 1257 ad
478 1208 654 1258 dimicandum
663 1225 756 1257 novem
766 1208 863 1269 herois,
879 1225 911 1257 ex
922 1208 1013 1272 quibus
1022 1209 1097 1257 sortis

207 1288 310 1326 eventus
326 1273 442 1340 designat
458 1272 565 1328 Aiacem
583 1278 767 1328 Telamonium
781 1275 840 1341 (123
849 1301 866 1312 ·
876 1273 943 1341 205).
978 1275 1098 1340 Congre-
1135 1275 1139 1281 “

206 1341 410 1395 diunturHector
420 1343 521 1408 etAiax,
528 1347 667 1410 acriterque
678 1346 831 1411 depugnant,
837 1343 920 1401 donec
929 1343 977 1394 sub
988 1357 1097 1403 noctem,

132 1471 136 1478 ,
206 1413 304 1462 vitibus
315 1428 395 1475 pares,
412 1411 477 1464 datis
492 1415 606 1464 invicem
614 1415 772 1474 mimerihus,
789 1413 922 1462 discedunt
933 1409 1017 1476 (206-
1026 1410 1096 1474 312).
1144 1463 1147 1474 ¹

206 1479 238 1530 In
254 1480 334 1544 epulis
350 1479 458 1542 publicio
473 1481 566 1530 Nestor
582 1494 666 1530 censet
681 1498 789 1546 corpora
805 1495 938 1530 caesormu
953 1479 1097 1544 sepelienda

207 1562 233 1598 et
242 1557 321 1596 castra
331 1546 484 1596 muniendae
498 1549 525 1595 in
535 1549 709 1597 Troianorum
718 1549 841 1595 concione
850 1544 982 1606 Antenori,
993 1550 1062 1612 pacis
1073 1558 1098 1596 et

205 1617 318 1667 Helenae
329 1630 389 1664 cuna
399 1615 490 1680 opibus
499 1614 669 1664 restituendae
680 1616 783 1675 auctori,
794 1613 933 1678 respondet
940 1613 1017 1673 Paris,
1032 1616 1098 1664 nihil

206 1701 232 1734 se
243 1695 343 1750 praeter
353 1699 421 1748 opes,
429 1682 479 1737 ,sed
488 1699 530 1732 eas
537 1684 650 1749 ¹propriis
660 1681 770 1742 adiectis,
781 1681 941 1732 redditurum
947 1677 1098 1747 (tre-364).

206 1752 277 1802 Illud
288 1767 442 1817 responsum
451 1753 531 1800 altero
545 1751 587 1802 die
598 1749 714 1801 Priamus
724 1749 757 1799 ad
766 1747 877 1800 Achivos
887 1749 1002 1814 perferri,
1014 1762 1095 1814 atquc,

206 1834 236 1870 ut
246 1822 419 1870 Troianorum
434 1835 534 1885 quoqne
545 1836 654 1887 corpora
664 1831 815 1880 crementur,
831 1819 945 1868 inducias
955 1817 1014 1866 iniri
1025 1819 1097 1868 iubet

207 1886 267 1954 (565
277 1915 293 1925 -
300 1885 368 1951 420)-
402 1888 464 1938 Post
473 1889 536 1938 haec
545 1890 703 1956 sepulturam
713 1901 801 1938 curant
809 1889 910 1954 utrique
920 1901 1037 1947 suorum,
1058 1887 1096 1935 si-

206 1958 263 2006 mul
273 1952 364 2006 Achivi
373 1958 471 2008 navalia
482 1974 527 2008 sua
535 1974 612 2009 muro
622 1958 738 2024 fossaque
749 1957 868 2024 cingunt,
885 1971 949 2022 quae
960 1969 1037 2020 opera
1042 1955 1097 2004 Ne-

206 2037 300 2091 ptunus
319 2027 387 2077 inter
405 2025 468 2077 deos
488 2043 541 2076 non
555 2029 611 2078 sine
622 2026 798 2093 indignatione
817 2027 925 2083 miratur
935 2019 992 2089 (421
1005 2021 1097 2086 -4ttt
1134 2059 1136 2065 .

208 2092 326 2146 Coenam
334 2109 387 2146 nox
396 2097 510 2162 sequitur
518 2098 607 2170 minax
616 2098 753 2148 tonitribus
764 2094 824 2162 (455
834 2122 851 2134 -
861 2091 931 2157 482).

198 2220 426 2325 Ἕκτορος
459 2229 540 2302 καὶ
563 2229 777 2317 Αἴαντος
810 2227 1096 2322 μονομαχία.

415 2345 606 2444 Νεκρῶν
629 2340 892 2443 ἀναίρεσις.

195 2469 273 2570 Ὣς
285 2489 375 2562 εἶπάν
387 2492 504 2561 πυλέων
523 2493 663 2574 ἐξέσσυτο
677 2493 821 2578 φαίδιμος
827 2488 959 2579 Ἕκτωρ·
973 2565 975 2569 ,

206 2591 250 2672 τῷ
264 2588 289 2650 δ’
302 2583 353 2669 ἅμ’
365 2581 561 2672 Ἀλέξανδρος
574 2586 617 2652 κί’
631 2580 792 2668 ἀδελφεός·
806 2583 838 2648 ἐν
851 2584 876 2649 δ’
890 2581 953 2670 άρα
963 2583 1054 2665 θυμῷ

206 2672 373 2761 ἀμφότεροι
385 2677 520 2759 μέμασαν
532 2673 699 2759 πολεμίζειν
710 2671 761 2758 ridi
772 2671 935 2758 μάχεσθαι.

207 2767 249 2838 ὥς
262 2763 293 2830 δέ
305 2762 380 2838 θεὸς
393 2761 536 2852 ναέτησιν
549 2765 763 2850 ἐελδομένοισιν
776 2760 882 2828 έὸοοκεν

182 2865 200 2920 5
215 2849 314 2940 σάρον,
327 2851 400 2937 ἐπέην
412 2851 581 2940 κεκάμιοσιν
594 2855 734 2942 ἐϋξέστῃς
747 2851 889 2941 ἐλάτῃσιν

207 2944 319 3010 πόντον
332 2941 515 3018 ἐλαύνοντες,
529 2941 655 3029 καμάτῳ
669 2945 694 3008 d’
707 2940 767 3010 ὑπὸ
781 2953 849 3027 γυῖα
861 2940 1014 3008 λέλυνται·

209 3031 250 3108 ὣς
262 3031 323 3120 άρα
336 3030 378 3098 τά
396 3031 547 3120 Τρώεσσιν
566 3032 765 3118 ἐελδομένοισι
779 3030 921 3116 φανήτην.

247 3121 334 3190 Ἔνθ’
347 3124 459 3209 ἑλέτην,
473 3122 490 3188 ὁ
502 3121 555 3207 μέν
565 3120 632 3190 υἱὸν
644 3119 819 3211 Ᾱρηΐθάοιο
834 3121 977 3200 ἄνακτος,

207 3211 296 3305 Ἄρνη
309 3211 490 3282 ναιετάοντα
501 3215 681 3292 Μενέσθιον,
696 3209 730 3280 ὃν
742 3211 906 3300 κορυνήτης

163 3316 199 3373 10
213 3305 321 3392 ’γείνατ’
334 3299 495 3394 Ἀρηΐθοος
506 3299 557 3374 καὶ
574 3305 786 3392 Φιλομέοουσα
798 3307 927 3391 βοῶπις·
