2406 3728
367 624 822 746 ruiursrro

178 780 579 915 conorsnnr
628 815 1005 928 HERMANNL

139 1141 218 1224 Cor.
233 1157 427 1218 Tauchnitius
440 1175 528 1234 quum
540 1156 613 1214 ortis
626 1173 697 1215 sune
716 1156 858 1215 eximium
876 1154 996 1232 aliquod
1011 1165 1056 1212 at·

140 1279 198 1336 que
218 1277 255 1316 ex
273 1261 353 1324 omni
371 1269 454 1336 parte
467 1259 647 1334 perpolitum
665 1257 814 1334 specimen
835 1257 922 1314 edere
945 1258 1056 1314 consti·

140 1363 265 1431 troisset,
290 1379 361 1434 prae
379 1361 484 1416 ceteris
504 1355 697 1428 scriptoribus
716 1359 786 1416 telis
802 1357 977 1414 monimenti
1001 1355 1056 1412 bo-

141 1477 246 1516 norem
258 1455 387 1516 Homero
401 1457 500 1514 deberi
512 1453 662 1514 iudicavit.
700 1455 803 1534 Itaque
816 1465 972 1534 utrumque
984 1475 1056 1533 poe·

141 1577 189 1615 ms
203 1575 240 1614 ex
253 1560 429 1616 recensione
443 1575 492 1631 co,
518 1574 593 1634 quse
606 1565 637 1614 et
653 1557 814 1616 novissime
832 1567 862 1615 et
879 1557 987 1634 optimo
1009 1574 1057 1611 es-

142 1669 204 1730 set,
227 1667 310 1714 tonte
323 1677 395 1715 cura
407 1659 571 1734 impressit,
597 1664 631 1713 ut
642 1655 772 1732 proemio
784 1658 935 1733 proposito
949 1673 1057 1731 provo·

144 1777 212 1815 care
227 1776 314 1814 ausus
329 1760 384 1830 sit,
410 1760 514 1836 siquis
528 1757 638 1834 aliquid
648 1758 735 1815 naevi
748 1775 766 1814 o
779 1755 992 1816 correctoribus
1006 1773 1058 1812 re-

141 1859 245 1914 lictum
258 1855 508 1936 deprehendisset.
549 1857 635 1926 Quod
649 1875 684 1914 ea
697 1875 803 1916 caussa
815 1856 897 1930 fecit,
910 1865 945 1914 ut
957 1873 1058 1911 emen-

142 1957 232 2030 datis,
247 1959 273 2014 si
287 1960 336 2034 qui
348 1959 463 2016 inventi
477 1967 578 2015 essent
590 1957 750 2028 erroribus,
762 1957 877 2014 tabulae
892 1973 930 2010 ex
942 1955 1059 2010 metello

142 2057 230 2112 fusae
244 2056 280 2108 ab
293 2051 370 2118 omni
385 2077 504 2124 prorsus
517 2057 624 2114 mentio
636 2055 747 2111 liberae
760 2055 875 2112 fierent.
889 2053 974 2122 Quod
989 2071 1060 2110 0011.

142 2149 243 2211 silium
264 2169 352 2228 quum
370 2149 490 2205 omnino
510 2155 557 2204 est
575 2165 755 2224 magnopere
778 2147 971 2224 laudandum,
997 2161 1060 2209 tum

141 2254 273 2309 maxime
299 2251 331 2306 in
356 2247 505 2320 Homero,
532 2248 616 2304 ouius
643 2249 795 2322 scriptoris
819 2249 977 2308 lectionem
1003 2253 1061 2308 etsi

140 2351 230 2408 bodie
248 2367 349 2407 omnes
367 2347 501 2406 fatentur
519 2348 563 2405 ito
581 2349 779 2406 necessariam
797 2367 877 2424 esse,
901 2359 936 2406 ut
949 2368 984 2406 eo
1001 2352 1061 2406 iam

139 2451 287 2528 puerilem
299 2457 425 2507 aetatem
434 2448 622 2506 imbuendam
633 2467 697 2506 esse
708 2447 881 2522 concedent,
895 2458 994 2506 tamen
1006 2469 1060 2508 ue·

141 2553 207 2607 scio
221 2569 260 2606 en
273 2547 352 2606 houd
364 2551 407 2606 ito
419 2549 521 2622 multi,
535 2558 588 2605 sut
604 2557 715 2625 quanto
728 2547 768 2604 sit
780 2550 842 2604 eius
856 2551 985 2624 utilitas,
1009 2561 1061 2608 out

140 2648 288 2726 quomodo
301 2649 367 2722 ille,
392 2650 550 2705 maximam
563 2657 598 2705 ut
609 2650 767 2706 utilitatem
779 2646 897 2725 efferat,
915 2653 1059 2731 legendus

139 2751 192 2820 sit,
206 2750 280 2806 setis
295 2755 479 2822 compertum
490 2745 625 2806 habeant.
645 2747 679 2805 Id
691 2749 786 2828 igitur
799 2751 825 2806 si
838 2755 941 2827 paucis
958 2755 1059 2829 explo-

137 2852 294 2922 noverim‚
320 2847 446 2906 fortusse
461 2842 575 2926 'operae
595 2849 724 2928 pretium
747 2847 860 2926 fecero,
877 2855 1059 2930 praesertim

137 2968 241 3026 quum,
256 2947 335 3024 quod
347 2950 411 3026 ipse
424 2949 477 3022 ait,

20 3124 34 3147 Ι
121 3068 126 3082 ’
231 3047 284 3131 τὴν
297 3047 353 3138 γὰρ
368 3049 471 3134 ἀοιδὴν
483 3051 601 3136 μᾶλλον
615 3049 792 3121 ἒπιιιλειόυσ’
806 3050 974 3144 ἅνθρωποι,
1054 3079 1063 3092 “

234 3153 301 3241 ἥτις
315 3155 509 3227 ἀκουόντεσσι
521 3157 655 3246 νεωτάτη
668 3163 881 3246 ἀμφιπέληται,
1020 3163 1023 3170 ’

139 3263 172 3320 io
185 3265 279 3321 ctiam
291 3265 323 3322 in
335 3267 444 3324 litteris
457 3266 592 3324 occidere
610 3267 777 3343 videamus,
804 3278 839 3326 ut
855 3271 912 3326 olio
931 3277 1060 3341 tempore

138 3366 201 3421 olio
231 3365 328 3444 magis
353 3365 517 3444 probentur
543 3385 578 3427 oc
601 3370 758 3446 praecipue
783 3371 936 3442 placeant}
967 3363 1059 3420 veluti
