2352 3750
365 208 786 277 ΙΛΙΑΔΟΣΧΧΙ.
987 222 1078 284 403·

156 352 237 423 α’λλά
250 351 320 440 πρίν
332 347 464 436 Αχιλεδς
477 343 616 436 σχέδδν”
595 380 664 438 αορι
676 348 807 436 θομδν’
781 350 918 470 απηόρα.

76 459 140 516 180
155 447 287 532 γαστέρα
300 444 356 556 γάρ
369 472 418 527 μιν
431 443 510 529 τύψε
524 471 585 530 παρ
587 445 789 560 ’δμφηιλόν·’
774 473 806 510 εκ
819 446 885 510 δ
863 474 924 558 μρα
937 451 1032 517 πάσαιΙ

154 538 245 649 χόντο
258 563 352 620 γαμαι
344 531 506 618 χολάδες·
520 533 573 599 τὸν
587 533 617 600 δὲ
631 536 740 609 σκότος
753 534 822 601 ὄσσε
834 537 970 652 κάλυφεν

156 627 365 742 άσθμηίυφντλ
379 621 553 708 Ᾱχιλεδςδ
570 622 617 740 άρ
630 623 671 690 ἐνί
684 628 873 741 στήθεσσιν’
858 629 997 719 οροόσας,

154 715 261 801 τείχεά
273 721 326 782 τἐ
314 713 469 799 ἐξενάριξε,
483 711 534 780 καί
547 717 702 808 εὐχόμενος
716 718 787 790 έπος
799 716 888 800 ηάδα·

199 811 284 874 Κεῖσ’
298 805 390 872 οότω.
387 807 537 894 ’χαλεπόν
550 834 598 870 τοι
611 809 779 920 ἐρισθενέος
791 807 966 893 Κρονίωνος

78 907 138 964 185
153 896 257 963 παισίν
271 900 440 1009 ἐριζέμεναι,
453 898 609 979 Ποταμοιό
624 925 678 983 περ
692 898 868 1012 ἐκγεγαῶτι
912 947 914 958 ,

155 994 280 1100 φήσβα
277 985 316 1052 σὺ
312 985 376 1070 μέν
389 993 535 1071 Ποταμοό
548 988 630 1068 γένος
643 989 773 1070 ἔμμεναι
777 979 981 1074 essqvqeffovwc

154 1076 251 1163 αὐτὰρ
266 1075 322 1160 ἐγὼ
334 1077 431 1192 γενεὴν
445 1077 574 1160 μεγάλου
588 1075 709 1150 Διὸς*
676 1105 800 1162 ευχομαι
813 1081 896 1144 εἶναι.

153 1167 235 1230 τίκτε
248 1170 277 1250 μ’
292 1168 365 1252 ἀνὴρ
379 1169 564 1232 πολλοῖσιν’
545 1167 683 1232 ανάσσων
696 1169 944 1254 Μυρμιδόνεσσιν,

152 1254 276 1370 Πηλεὺς
282 1257 449 1339 Αἰακίδης·
464 1261 480 1322 ό
494 1260 525 1320 δ’
540 1256 584 1343 ἄρ’
593 1254 715 1330 Αἰακὸς
728 1260 759 1322 ἐκ
773 1255 848 1332 Διὸς
862 1255 920 1342 ἦεν.

80 1357 139 1413 190
153 1353 196 1428 τῷ
210 1349 352 1433 κρείσσων
365 1347 416 1430 μὲν
428 1345 505 1420 Ζεὺς
517 1353 668 1464 Ποτριμῶν
682 1349 909 1463 ἁλιμυρηέντων,

150 1463 295 1523 κρεισσων
308 1441 338 1502 δ
353 1434 424 1502 αέντε
438 1436 513 1512 Διὸς
526 1465 606 1550 γενεγγ
618 1447 775 1522 Ποταμοῖο
789 1441 937 1506 τέτυκται.

149 1525 200 1592 καὶ
214 1526 270 1615 γάρ
285 1554 333 1593 σοι
325 1525 493 1643 Ποταμός
506 1558 536 1615 γε
549 1527 635 1645 πάρα
647 1532 747 1616 μέγας,
761 1557 787 1596 ει
782 1530 929 1598 ’δύναταί
938 1559 969 1596 τι

147 1629 316 1704 χραισμεῖν·
332 1621 398 1684 ἀλλ’
413 1623 465 1684 οὐκ
480 1618 542 1686 ἐστι
555 1621 611 1686 Διῒ
619 1621 769 1705 Κρονίωνι
781 1621 963 1703 μάχεσθαι.

147 1724 190 1790 τῳ
176 1710 272 1776 οὐδὲ
285 1713 389 1796 κρείων
401 1706 559 1791 Ᾱχελοόῖος
574 1710 750 1792 ἰσοφαρίζει,

1 1813 4 1818 ’
79 1806 133 1864 195
147 1799 214 1864 οὐδὲ
213 1801 431 1913 βαθυρρείταο
445 1801 520 1882 μέγα
533 1799 642 1910 σθένρς
655 1800 840 1874 μΩκεανοῖο,

147 1883 225 1965 ἐξ
147 1915 283 1999 εουπερ
298 1892 409 1963 πάντες
422 1887 554 1973 ποταμοὶ
567 1885 617 1953 καὶ
632 1895 716 1954 πάσα
728 1889 911 2002 βάλασσα,

145 1975 197 2042 καὶ
210 1985 306 2092 πάσριι
320 1989 424 2067 κρῆναι
438 1977 487 2044 καί
502 1981 631 2090 φρείατα
643 1977 745 2065 μακρά
758 1980 894 2044 νάουσιν·

146 2065 223 2133 ἀλλά
238 2067 288 2134 καὶ
302 2069 336 2142 ὃς
349 2074 472 2137 δειδοικε
486 2069 561 2144 Διὸς
573 2070 714 2154 μεγάλοιο
728 2069 880 2154 κεραυνόν,

146 2162 241 2242 δεινήν
254 2187 287 2225 τε
299 2158 466 2274 βρρντήν,
449 2161 490 2226 στ’
507 2164 550 2226 άπ
551 2162 740 2274 ὀὐρανόθεν
753 2161 937 2276 σμαραγήσῃ.

74 2261 131 2317 260
182 2244 254 2314 H‘
240 2278 289 2336 ρα,
302 2251 352 2316 καί
367 2254 398 2315 ἐκ
412 2278 551 2337 κρημνοιο
566 2250 712 2364 ἐράσσατο
725 2251 882 2334 χάλκεον”
866 2277 958 2335 εγχος.

143 2334 196 2405 τόν
209 2339 240 2404 δέ
254 2369 311 2406 κατ
312 2343 446 2406 αἰίτόθί
459 2343 595 2416 λεῖπεν,’
580 2369 642 2406 επει
634 2336 772 2423 φίλον
757 2368 829 2427 ητορ
844 2341 972 2428 άπηόρα,

142 2430 275 2512 κείμενον
289 2432 319 2494 ἐν
332 2433 521 2514 ψαμάθοισι,
536 2434 628 2542 δίριινε
642 2434 677 2496 δέ
687 2459 736 2544 μιγ
749 2433 842 2514 μέλαν
855 2429 944 2517 ὕδωρ.

141 2519 261 2634 τὸνμὲν
274 2519 312 2604 άρ
314 2522 467 2603 ’ἐγχέλυές
480 2547 511 2586 τε
525 2519 575 2585 καὶ
591 2519 727 2604 666663'
708 2545 927 2603 αμφεπενοντο,

141 2609 261 2726 δημδν’
246 2611 435 2726 ἐρεπτόμενοι
448 2612 649 2724 ἐπινεφρίδιον
662 2612 818 2722 κείροντες.

74 2713 128 2771 205
141 2699 237 2785 αὐτάρ
252 2731 267 2767 ο
257 2702 364 2786 βη
332 2730 349 2787 ρ
380 2702 453 2766 ἰέναι
466 2699 542 2813 μετά
554 2702 718 2775 Παίονας
708 2695 942 2787 ιπποκορυστάς,

142 2821 171 2860 οι
184 2822 200 2880 ρ
229 2791 273 2858 ἐτι
285 2790 346 2904 πάρ
360 2790 498 2875 ποταμὸν
511 2795 686 2876 πεφοβήατο
693 2794 846 2905 δινήεντα,

143 2885 183 2958 ὡς
196 2881 315 2949 εἶδον
287 2911 339 2948 τον
353 2883 478 2967 άριστον
491 2881 533 2947 ἐνὶ
547 2888 674 2968 κρατερή
688 2883 816 2965 ὑσμίνη

140 2972 251 3086 χέρσ’
233 3001 291 3039 υπο
304 2976 455 3057 Πηλείδαο
469 2971 520 3037 καὶ
534 2972 603 3058 άορι
618 2975 664 3055 ίφι
678 2974 819 3082 δαμέντα.

140 3061 203 3126 ἐνθ’
217 3065 264 3129 ἕλε
281 3065 464 3150 Θερσίλοχόν
477 3090 509 3128 τε
522 3061 655 3130 Μύδωνά
668 3089 701 3128 τε
712 3059 899 3128 Ᾱστόπυλόν
913 3088 954 3136 τε,

77 3162 128 3220 210
140 3153 276 3266 Μυίγσήν
275 3182 307 3220 τε
323 3157 457 3241 Θρασίον
471 3181 502 3220 τε
516 3183 565 3265 κφι
557 3151 688 3219 Αἴνιον
700 3155 750 3236 ἡδ’
764 3152 952 3242 Ὀφελέστην

140 3240 194 3305 καί
201 3237 237 3356 γά
251 3246 276 3305 κ’
291 3247 334 3309 έτι
347 3247 476 3318 πλέονας
490 3243 578 3314 κτάνε
584 3243 765 3336 Παίονας’
743 3241 820 3317 ωκδς
832 3235 993 3327 66066664,

139 3330 167 3398 εί
175 3330 214 3416 μὴ
226 3325 399 3417 χωσάμενος
412 3337 544 3422 προςέφη
557 3329 711 3420 Ποταμδς
708 3333 890 3420 βαθυδίνης,
941 3417 947 3428 ¹
