<?xml version="1.0" encoding="UTF-8"?>
<!DOCTYPE html PUBLIC "-//W3C//DTD XHTML 1.0 Transitional//EN"
    "http://www.w3.org/TR/xhtml1/DTD/xhtml1-transitional.dtd">
<html xmlns="http://www.w3.org/1999/xhtml" xml:lang="en" lang="en">
 <head>
  <title>
</title>
<meta http-equiv="Content-Type" content="text/html;charset=utf-8" />
  <meta name='ocr-system' content='tesseract 3.04.00' />
  <meta name='ocr-capabilities' content='ocr_page ocr_carea ocr_par ocr_line ocrx_word'/>
</head>
<body>
  <div class='ocr_page' id='page_1' title='image "./carmina00homegoog_0246.png"; bbox 0 0 2438 3744; ppageno 0'>
   <div class='ocr_carea' id='block_1_1' title="bbox 164 164 829 234">
    <p class='ocr_par' dir='ltr' id='par_1_1' title="bbox 164 164 829 234">
     <span class='ocr_line' id='line_1_1' title="bbox 164 164 829 234; baseline 0 0"><span class='ocrx_word' id='word_1_1' title='bbox 164 169 235 234; x_wconf 82' lang='lat'><strong><em>264</em></strong></span> <span class='ocrx_word' id='word_1_2' title='bbox 441 164 742 232; x_wconf 83' lang='grc' dir='ltr'><em>ΙΛΙΑΔΟΣ</em></span> <span class='ocrx_word' id='word_1_3' title='bbox 779 170 829 234; x_wconf 77' lang='grc' dir='ltr'><strong>Μ</strong></span> 
     </span>
    </p>
   </div>
   <div class='ocr_carea' id='block_1_2' title="bbox 145 305 1101 1678">
    <p class='ocr_par' dir='ltr' id='par_1_2' title="bbox 145 305 1101 1653">
     <span class='ocr_line' id='line_1_2' title="bbox 234 305 823 424; baseline 0.002 -51"><span class='ocrx_word' id='word_1_4' title='bbox 234 305 823 424; x_wconf 74' lang='grc' dir='ltr'><strong><em>ἐχχεΐ’1δσμενῆοςάηανρυ”ιίιοκφλίδαο</em></strong></span> 
     </span>
     <span class='ocr_line' id='line_1_3' title="bbox 234 389 956 512; baseline 0.003 -48"><span class='ocrx_word' id='word_1_5' title='bbox 234 396 336 464; x_wconf 78' lang='grc' dir='ltr'><strong><em>εἵσατο</em></strong></span> <span class='ocrx_word' id='word_1_6' title='bbox 349 394 406 484; x_wconf 83' lang='grc' dir='ltr'><strong><em>χέιρ</em></strong></span> <span class='ocrx_word' id='word_1_7' title='bbox 418 403 495 482; x_wconf 82' lang='grc' dir='ltr'><strong><em>νηῶν</em></strong></span> <span class='ocrx_word' id='word_1_8' title='bbox 507 398 553 466; x_wconf 86' lang='grc' dir='ltr'><strong><em>ἐπ’</em></strong></span> <span class='ocrx_word' id='word_1_9' title='bbox 567 395 720 512; x_wconf 85' lang='grc' dir='ltr'><strong><em>άριστερά,</em></strong></span> <span class='ocrx_word' id='word_1_10' title='bbox 733 403 825 509; x_wconf 82' lang='grc' dir='ltr'><strong><em>τῇπερ</em></strong></span> <span class='ocrx_word' id='word_1_11' title='bbox 838 389 956 482; x_wconf 68' lang='lat'>6160}</span> 
     </span>
     <span class='ocr_line' id='line_1_4' title="bbox 233 483 968 574; baseline 0 -20"><span class='ocrx_word' id='word_1_12' title='bbox 233 489 267 554; x_wconf 83' lang='grc' dir='ltr'><strong><em>ἐκ</em></strong></span> <span class='ocrx_word' id='word_1_13' title='bbox 279 483 428 556; x_wconf 84' lang='grc' dir='ltr'><strong><em>πεδίου’</em></strong></span> <span class='ocrx_word' id='word_1_14' title='bbox 395 513 535 557; x_wconf 90' lang='grc' dir='ltr'><strong><em>νισσοντο</em></strong></span> <span class='ocrx_word' id='word_1_15' title='bbox 549 486 602 556; x_wconf 85' lang='lat'><strong><em>666</em></strong></span> <span class='ocrx_word' id='word_1_16' title='bbox 615 488 749 556; x_wconf 81' lang='grc' dir='ltr'><strong><em>ἵπποισιν</em></strong></span> <span class='ocrx_word' id='word_1_17' title='bbox 762 485 812 554; x_wconf 76' lang='grc' dir='ltr'><strong><em>καὶ</em></strong></span> <span class='ocrx_word' id='word_1_18' title='bbox 827 489 968 574; x_wconf 82' lang='grc' dir='ltr'><strong><em>ὄχεσφιν·</em></strong></span> 
     </span>
     <span class='ocr_line' id='line_1_5' title="bbox 164 574 1023 692; baseline 0.002 -46"><span class='ocrx_word' id='word_1_19' title='bbox 164 589 220 646; x_wconf 84' lang='lat'><strong><em>12⁰</em></strong></span> <span class='ocrx_word' id='word_1_20' title='bbox 234 583 270 691; x_wconf 72' lang='grc' dir='ltr'><strong><em>τή</em></strong></span> <span class='ocrx_word' id='word_1_21' title='bbox 283 577 311 664; x_wconf 83' lang='lat'><strong><em>6&#39;</em></strong></span> <span class='ocrx_word' id='word_1_22' title='bbox 325 575 435 656; x_wconf 79' lang='grc' dir='ltr'><strong><em>ἵππους</em></strong></span> <span class='ocrx_word' id='word_1_23' title='bbox 447 608 480 648; x_wconf 87' lang='grc' dir='ltr'><strong><em>τε</em></strong></span> <span class='ocrx_word' id='word_1_24' title='bbox 492 577 543 648; x_wconf 78' lang='grc' dir='ltr'><strong><em>καὶ</em></strong></span> <span class='ocrx_word' id='word_1_25' title='bbox 557 574 640 666; x_wconf 84' lang='grc' dir='ltr'><strong><em>άρμα</em></strong></span> <span class='ocrx_word' id='word_1_26' title='bbox 653 583 801 692; x_wconf 74' lang='grc' dir='ltr'><strong><em>διήλασεν,</em></strong></span> <span class='ocrx_word' id='word_1_27' title='bbox 816 578 884 645; x_wconf 84' lang='grc' dir='ltr'><strong><em>οόδέ</em></strong></span> <span class='ocrx_word' id='word_1_28' title='bbox 897 579 1023 665; x_wconf 89' lang='grc' dir='ltr'><strong><em>πόλησιν</em></strong></span> 
     </span>
     <span class='ocr_line' id='line_1_6' title="bbox 231 661 961 786; baseline 0.006 -53"><span class='ocrx_word' id='word_1_29' title='bbox 231 661 283 758; x_wconf 81' lang='grc' dir='ltr'><strong><em>εόρ</em></strong></span> <span class='ocrx_word' id='word_1_30' title='bbox 284 669 529 754; x_wconf 85' lang='grc' dir='ltr'><strong><em>’ἐπικεκλιμίνας</em></strong></span> <span class='ocrx_word' id='word_1_31' title='bbox 542 670 667 746; x_wconf 76' lang='grc' dir='ltr'><strong><em>σανίδας</em></strong></span> <span class='ocrx_word' id='word_1_32' title='bbox 680 667 731 736; x_wconf 79' lang='grc' dir='ltr'><strong><em>καί</em></strong></span> <span class='ocrx_word' id='word_1_33' title='bbox 744 671 859 758; x_wconf 85' lang='grc' dir='ltr'><strong><em>μακρὸν</em></strong></span> <span class='ocrx_word' id='word_1_34' title='bbox 867 675 961 786; x_wconf 77' lang='grc' dir='ltr'><strong><em>ὀχῆα·</em></strong></span> 
     </span>
     <span class='ocr_line' id='line_1_7' title="bbox 232 759 1101 874; baseline 0.001 -48"><span class='ocrx_word' id='word_1_35' title='bbox 232 760 768 875; x_wconf 67' lang='lat'>666&#39;666666666666661666666,</span> <span class='ocrx_word' id='word_1_36' title='bbox 782 759 813 827; x_wconf 84' lang='grc' dir='ltr'><strong><em>εἴ</em></strong></span> <span class='ocrx_word' id='word_1_37' title='bbox 820 763 875 828; x_wconf 91' lang='grc' dir='ltr'><strong><em>τιν’</em></strong></span> <span class='ocrx_word' id='word_1_38' title='bbox 888 761 1016 850; x_wconf 78' lang='grc' dir='ltr'><strong><em>ἑταίρων</em></strong></span> <span class='ocrx_word' id='word_1_39' title='bbox 1094 781 1101 790; x_wconf 88' lang='grc'><em>·</em></span> 
     </span>
     <span class='ocr_line' id='line_1_8' title="bbox 230 849 918 936; baseline 0.006 -22"><span class='ocrx_word' id='word_1_40' title='bbox 230 849 264 914; x_wconf 87' lang='grc' dir='ltr'><strong><em>ἐκ</em></strong></span> <span class='ocrx_word' id='word_1_41' title='bbox 277 853 409 933; x_wconf 78' lang='grc' dir='ltr'><strong><em>πολέμου</em></strong></span> <span class='ocrx_word' id='word_1_42' title='bbox 423 849 572 936; x_wconf 86' lang='grc' dir='ltr'><strong><em>φεόχοντα</em></strong></span> <span class='ocrx_word' id='word_1_43' title='bbox 586 852 735 919; x_wconf 75' lang='grc' dir='ltr'><strong><em>σαώσειαν</em></strong></span> <span class='ocrx_word' id='word_1_44' title='bbox 747 850 823 936; x_wconf 80' lang='grc' dir='ltr'><strong><em>μετὰ</em></strong></span> <span class='ocrx_word' id='word_1_45' title='bbox 836 857 918 935; x_wconf 84' lang='grc' dir='ltr'><strong><em>νήας.</em></strong></span> 
     </span>
     <span class='ocr_line' id='line_1_9' title="bbox 231 939 1042 1028; baseline 0.005 -22"><span class='ocrx_word' id='word_1_46' title='bbox 231 966 268 1022; x_wconf 90' lang='grc' dir='ltr'><strong><em>τη</em></strong></span> <span class='ocrx_word' id='word_1_47' title='bbox 281 968 298 1022; x_wconf 91' lang='grc' dir='ltr'><strong><em>ρ</em></strong></span> <span class='ocrx_word' id='word_1_48' title='bbox 300 939 393 1014; x_wconf 81' lang='grc' dir='ltr'><strong><em>’ίθός</em></strong></span> <span class='ocrx_word' id='word_1_49' title='bbox 406 945 540 1028; x_wconf 79' lang='grc' dir='ltr'><strong><em>φρονέων</em></strong></span> <span class='ocrx_word' id='word_1_50' title='bbox 553 941 662 1016; x_wconf 80' lang='grc' dir='ltr'><strong><em>ἵππους</em></strong></span> <span class='ocrx_word' id='word_1_51' title='bbox 675 944 739 1028; x_wconf 84' lang='grc' dir='ltr'><strong><em>ἐχε·</em></strong></span> <span class='ocrx_word' id='word_1_52' title='bbox 751 970 799 1010; x_wconf 91' lang='grc' dir='ltr'><strong><em>τοι</em></strong></span> <span class='ocrx_word' id='word_1_53' title='bbox 790 940 880 1010; x_wconf 76' lang='grc' dir='ltr'><strong><em>”δ’</em></strong></span> <span class='ocrx_word' id='word_1_54' title='bbox 860 945 910 1026; x_wconf 91' lang='grc' dir='ltr'><strong><em>αμ’</em></strong></span> <span class='ocrx_word' id='word_1_55' title='bbox 923 942 1042 1022; x_wconf 79' lang='grc' dir='ltr'><strong><em>ἕποντο,</em></strong></span> 
     </span>
     <span class='ocr_line' id='line_1_10' title="bbox 162 1029 1041 1117; baseline 0 -21"><span class='ocrx_word' id='word_1_56' title='bbox 162 1037 217 1098; x_wconf 83' lang='lat'><strong><em>165</em></strong></span> <span class='ocrx_word' id='word_1_57' title='bbox 230 1031 301 1108; x_wconf 84' lang='grc' dir='ltr'><strong><em>ὀξία</em></strong></span> <span class='ocrx_word' id='word_1_58' title='bbox 313 1034 519 1116; x_wconf 71' lang='grc' dir='ltr'><strong><em>κεκλήγοντες·</em></strong></span> <span class='ocrx_word' id='word_1_59' title='bbox 532 1032 692 1116; x_wconf 78' lang='grc' dir='ltr'><strong><em>ἔφαντο</em></strong></span> <span class='ocrx_word' id='word_1_60' title='bbox 660 1059 717 1117; x_wconf 85' lang='grc' dir='ltr'><strong><em>χαρ</em></strong></span> <span class='ocrx_word' id='word_1_61' title='bbox 731 1033 819 1100; x_wconf 83' lang='grc' dir='ltr'><strong><em>οέκετ</em></strong></span> <span class='ocrx_word' id='word_1_62' title='bbox 819 1029 977 1117; x_wconf 72' lang='grc' dir='ltr'><strong><em>’Ᾰχαιοός</em></strong></span> <span class='ocrx_word' id='word_1_63' title='bbox 1038 1087 1041 1096; x_wconf 83' lang='grc'><strong><em>,</em></strong></span> 
     </span>
     <span class='ocr_line' id='line_1_11' title="bbox 145 1118 1039 1237; baseline 0.003 -51"><span class='ocrx_word' id='word_1_64' title='bbox 145 1197 151 1206; x_wconf 48' lang='grc'><strong><em>,</em></strong></span> <span class='ocrx_word' id='word_1_65' title='bbox 231 1123 383 1237; x_wconf 76' lang='grc' dir='ltr'><strong><em>σχήσεσθ’,</em></strong></span> <span class='ocrx_word' id='word_1_66' title='bbox 397 1125 462 1186; x_wconf 77' lang='grc' dir='ltr'><strong><em>ἀλλ’</em></strong></span> <span class='ocrx_word' id='word_1_67' title='bbox 475 1125 506 1187; x_wconf 83' lang='grc' dir='ltr'><strong><em>ἐν</em></strong></span> <span class='ocrx_word' id='word_1_68' title='bbox 518 1147 601 1206; x_wconf 89' lang='grc' dir='ltr'><strong><em>νηοσι</em></strong></span> <span class='ocrx_word' id='word_1_69' title='bbox 592 1118 787 1236; x_wconf 88' lang='grc' dir='ltr'><strong><em>μελαινησιν</em></strong></span> <span class='ocrx_word' id='word_1_70' title='bbox 796 1125 969 1200; x_wconf 86' lang='grc' dir='ltr'><strong><em>πεσεεσθαι,</em></strong></span> <span class='ocrx_word' id='word_1_71' title='bbox 1037 1167 1039 1172; x_wconf 92' lang='grc'>-</span> 
     </span>
     <span class='ocr_line' id='line_1_12' title="bbox 230 1205 1008 1300; baseline 0.005 -24"><span class='ocrx_word' id='word_1_72' title='bbox 230 1213 346 1293; x_wconf 91' lang='grc' dir='ltr'><strong><em>νήπιοι·</em></strong></span> <span class='ocrx_word' id='word_1_73' title='bbox 360 1213 391 1278; x_wconf 87' lang='grc' dir='ltr'><strong><em>ἐν</em></strong></span> <span class='ocrx_word' id='word_1_74' title='bbox 404 1211 436 1280; x_wconf 85' lang='grc' dir='ltr'><strong><em>δέ</em></strong></span> <span class='ocrx_word' id='word_1_75' title='bbox 448 1211 559 1296; x_wconf 88' lang='grc' dir='ltr'><strong><em>πόλησι</em></strong></span> <span class='ocrx_word' id='word_1_76' title='bbox 571 1211 621 1278; x_wconf 80' lang='grc' dir='ltr'><strong><em>δί’</em></strong></span> <span class='ocrx_word' id='word_1_77' title='bbox 635 1211 743 1298; x_wconf 84' lang='grc' dir='ltr'><strong><em>άνέρας</em></strong></span> <span class='ocrx_word' id='word_1_78' title='bbox 756 1205 843 1298; x_wconf 79' lang='grc' dir='ltr'><strong><em>εὗρον</em></strong></span> <span class='ocrx_word' id='word_1_79' title='bbox 857 1214 1008 1300; x_wconf 86' lang='grc' dir='ltr'><strong><em>άρίστους,</em></strong></span> 
     </span>
     <span class='ocr_line' id='line_1_13' title="bbox 232 1301 897 1416; baseline 0.009 -51"><span class='ocrx_word' id='word_1_80' title='bbox 232 1301 327 1374; x_wconf 79' lang='grc' dir='ltr'><strong><em>υίας’</em></strong></span> <span class='ocrx_word' id='word_1_81' title='bbox 313 1301 507 1389; x_wconf 85' lang='grc' dir='ltr'><strong><em>υπερθόμους</em></strong></span> <span class='ocrx_word' id='word_1_82' title='bbox 519 1301 743 1370; x_wconf 87' lang='grc' dir='ltr'><strong><em>Λαπιθάων’</em></strong></span> <span class='ocrx_word' id='word_1_83' title='bbox 709 1301 897 1416; x_wconf 83' lang='grc' dir='ltr'><strong><em>αιχμητάων·</em></strong></span> 
     </span>
     <span class='ocr_line' id='line_1_14' title="bbox 231 1391 985 1480; baseline 0.011 -28"><span class='ocrx_word' id='word_1_84' title='bbox 231 1391 283 1453; x_wconf 82' lang='grc' dir='ltr'><strong><em>τὸν</em></strong></span> <span class='ocrx_word' id='word_1_85' title='bbox 295 1391 358 1472; x_wconf 84' lang='grc' dir='ltr'><strong><em>μίν,</em></strong></span> <span class='ocrx_word' id='word_1_86' title='bbox 370 1393 584 1477; x_wconf 81' lang='grc' dir='ltr'><strong><em>Πειριθόου</em></strong></span> <span class='ocrx_word' id='word_1_87' title='bbox 549 1420 610 1467; x_wconf 89' lang='grc' dir='ltr'><strong><em>υια,</em></strong></span> <span class='ocrx_word' id='word_1_88' title='bbox 624 1397 768 1480; x_wconf 87' lang='grc' dir='ltr'><strong><em>κρατερὸν</em></strong></span> <span class='ocrx_word' id='word_1_89' title='bbox 781 1393 985 1479; x_wconf 87' lang='grc' dir='ltr'><strong><em>Πολυποίτην,</em></strong></span> 
     </span>
     <span class='ocr_line' id='line_1_15' title="bbox 162 1477 887 1590; baseline 0.001 -44"><span class='ocrx_word' id='word_1_90' title='bbox 162 1488 217 1546; x_wconf 85' lang='grc'><strong><em>130</em></strong></span> <span class='ocrx_word' id='word_1_91' title='bbox 230 1477 282 1542; x_wconf 85' lang='grc' dir='ltr'><strong><em>τὸν</em></strong></span> <span class='ocrx_word' id='word_1_92' title='bbox 296 1479 336 1552; x_wconf 86' lang='grc' dir='ltr'><strong><em>δι’,</em></strong></span> <span class='ocrx_word' id='word_1_93' title='bbox 349 1485 497 1560; x_wconf 82' lang='grc' dir='ltr'><strong><em>Λεοντῆα,</em></strong></span> <span class='ocrx_word' id='word_1_94' title='bbox 511 1485 725 1590; x_wconf 79' lang='grc' dir='ltr'><strong><em>βροτολοιχῷἶ</em></strong></span> <span class='ocrx_word' id='word_1_95' title='bbox 722 1507 776 1549; x_wconf 91' lang='grc' dir='ltr'><strong><em>σον</em></strong></span> <span class='ocrx_word' id='word_1_96' title='bbox 787 1482 887 1567; x_wconf 78' lang='lat' dir='ltr'>A666&#39;·</span> 
     </span>
     <span class='ocr_line' id='line_1_16' title="bbox 229 1563 914 1678; baseline 0.004 -47"><span class='ocrx_word' id='word_1_97' title='bbox 229 1563 273 1632; x_wconf 87' lang='lat'><strong><em>66</em></strong></span> <span class='ocrx_word' id='word_1_98' title='bbox 284 1564 336 1648; x_wconf 83' lang='lat'><strong><em>666</em></strong></span> <span class='ocrx_word' id='word_1_99' title='bbox 349 1565 410 1678; x_wconf 76' lang='grc' dir='ltr'><strong><em>άρρ</em></strong></span> <span class='ocrx_word' id='word_1_100' title='bbox 422 1569 618 1677; x_wconf 78' lang='grc' dir='ltr'><strong><em>προπάροιθε</em></strong></span> <span class='ocrx_word' id='word_1_101' title='bbox 630 1567 752 1644; x_wconf 88' lang='grc' dir='ltr'><strong><em>πυλάων</em></strong></span> <span class='ocrx_word' id='word_1_102' title='bbox 765 1568 914 1653; x_wconf 77' lang='grc' dir='ltr'><strong><em>ὑψηλάων</em></strong></span> 
     </span>
    </p>
   </div>
   <div class='ocr_carea' id='block_1_3' title="bbox 162 1652 1029 3372">
    <p class='ocr_par' dir='ltr' id='par_1_3' title="bbox 229 1652 967 1926">
     <span class='ocr_line' id='line_1_17' title="bbox 229 1652 967 1771; baseline 0.001 -50"><span class='ocrx_word' id='word_1_103' title='bbox 229 1656 369 1730; x_wconf 80' lang='grc' dir='ltr'><strong><em>ἕστασαν,</em></strong></span> <span class='ocrx_word' id='word_1_104' title='bbox 383 1656 423 1730; x_wconf 85' lang='grc' dir='ltr'><strong><em>ὡς</em></strong></span> <span class='ocrx_word' id='word_1_105' title='bbox 437 1652 487 1722; x_wconf 89' lang='lat'><strong><em>666</em></strong></span> <span class='ocrx_word' id='word_1_106' title='bbox 499 1682 532 1722; x_wconf 89' lang='lat'><strong><em>66</em></strong></span> <span class='ocrx_word' id='word_1_107' title='bbox 545 1652 682 1740; x_wconf 86' lang='grc' dir='ltr'><strong><em>δρόες</em></strong></span> <span class='ocrx_word' id='word_1_108' title='bbox 645 1681 763 1771; x_wconf 82' lang='grc' dir='ltr'><strong><em>ρορεσιν</em></strong></span> <span class='ocrx_word' id='word_1_109' title='bbox 775 1655 967 1771; x_wconf 77' lang='grc' dir='ltr'><strong><em>ὑψικάρηνοι,</em></strong></span> 
     </span>
     <span class='ocr_line' id='line_1_18' title="bbox 230 1743 962 1860; baseline 0.003 -48"><span class='ocrx_word' id='word_1_110' title='bbox 230 1743 286 1812; x_wconf 83' lang='grc' dir='ltr'><strong><em>αἵτ’</em></strong></span> <span class='ocrx_word' id='word_1_111' title='bbox 303 1745 411 1831; x_wconf 91' lang='grc' dir='ltr'><strong><em>άνεμον</em></strong></span> <span class='ocrx_word' id='word_1_112' title='bbox 420 1745 562 1860; x_wconf 83' lang='grc' dir='ltr'><strong><em>μίμνουσι</em></strong></span> <span class='ocrx_word' id='word_1_113' title='bbox 575 1743 626 1812; x_wconf 80' lang='grc' dir='ltr'><strong><em>καλ</em></strong></span> <span class='ocrx_word' id='word_1_114' title='bbox 639 1747 725 1813; x_wconf 88' lang='lat'>66666</span> <span class='ocrx_word' id='word_1_115' title='bbox 737 1746 838 1832; x_wconf 86' lang='grc' dir='ltr'><strong><em>ήματα</em></strong></span> <span class='ocrx_word' id='word_1_116' title='bbox 850 1749 962 1826; x_wconf 90' lang='grc' dir='ltr'><strong><em>πάντα,</em></strong></span> 
     </span>
     <span class='ocr_line' id='line_1_19' title="bbox 231 1834 857 1952; baseline 0.008 -50"><span class='ocrx_word' id='word_1_117' title='bbox 231 1836 342 1923; x_wconf 79' lang='grc' dir='ltr'><strong><em>ῥίζησιν</em></strong></span> <span class='ocrx_word' id='word_1_118' title='bbox 346 1834 500 1952; x_wconf 83' lang='grc' dir='ltr'><strong><em>μεχάλησι</em></strong></span> <span class='ocrx_word' id='word_1_119' title='bbox 513 1839 721 1922; x_wconf 80' lang='grc' dir='ltr'><strong><em>διηνεκέεσσ”</em></strong></span> <span class='ocrx_word' id='word_1_120' title='bbox 701 1851 857 1926; x_wconf 86' lang='grc' dir='ltr'><strong><em>αραρνῖαι·</em></strong></span> 
     </span>
    </p>

    <p class='ocr_par' dir='ltr' id='par_1_4' title="bbox 162 1924 1005 2376">
     <span class='ocr_line' id='line_1_20' title="bbox 162 1924 927 2019; baseline 0 -22"><span class='ocrx_word' id='word_1_121' title='bbox 162 1937 216 1998; x_wconf 81' lang='lat'><strong><em>165</em></strong></span> <span class='ocrx_word' id='word_1_122' title='bbox 230 1924 271 2003; x_wconf 75' lang='grc' dir='ltr'><strong><em>ὣς</em></strong></span> <span class='ocrx_word' id='word_1_123' title='bbox 284 1927 345 2014; x_wconf 86' lang='grc' dir='ltr'><strong><em>άρα</em></strong></span> <span class='ocrx_word' id='word_1_124' title='bbox 357 1925 400 1995; x_wconf 84' lang='grc' dir='ltr'><strong><em>τόι</em></strong></span> <span class='ocrx_word' id='word_1_125' title='bbox 413 1929 543 2017; x_wconf 83' lang='grc' dir='ltr'><strong><em>χείρεσσι</em></strong></span> <span class='ocrx_word' id='word_1_126' title='bbox 555 1929 741 2005; x_wconf 77' lang='grc' dir='ltr'><strong><em>πεποιθότες</em></strong></span> <span class='ocrx_word' id='word_1_127' title='bbox 753 1930 803 2015; x_wconf 87' lang='grc' dir='ltr'><strong><em>ήδέ</em></strong></span> <span class='ocrx_word' id='word_1_128' title='bbox 816 1934 927 2019; x_wconf 84' lang='grc' dir='ltr'><strong><em>βίηφιν,</em></strong></span> 
     </span>
     <span class='ocr_line' id='line_1_21' title="bbox 210 2019 1015 2139; baseline 0.005 -55.098"><span class='ocrx_word' id='word_1_129' title='bbox 210 2019 334 2103; x_wconf 91' lang='grc' dir='ltr'><strong><em>μίμνον</em></strong></span> <span class='ocrx_word' id='word_1_130' title='bbox 348 2020 543 2108; x_wconf 90' lang='grc' dir='ltr'><strong><em>ἐπερχόμενον</em></strong></span> <span class='ocrx_word' id='word_1_131' title='bbox 555 2024 647 2109; x_wconf 85' lang='grc' dir='ltr'><strong><em>με’χαυ</em></strong></span> <span class='ocrx_word' id='word_1_132' title='bbox 658 2019 768 2100; x_wconf 64' lang='lat' dir='ltr'><em>Aoum,</em></span> <span class='ocrx_word' id='word_1_133' title='bbox 782 2027 848 2090; x_wconf 89' lang='grc' dir='ltr'><strong><em>οόδ’</em></strong></span> <span class='ocrx_word' id='word_1_134' title='bbox 863 2026 1015 2139; x_wconf 78' lang='grc' dir='ltr'><strong><em>ἐφέβοντο</em></strong></span> 
     </span>
     <span class='ocr_line' id='line_1_22' title="bbox 231 2109 937 2224; baseline 0.01 -51"><span class='ocrx_word' id='word_1_135' title='bbox 231 2135 260 2174; x_wconf 94' lang='grc' dir='ltr'><strong><em>οι</em></strong></span> <span class='ocrx_word' id='word_1_136' title='bbox 254 2110 304 2174; x_wconf 88' lang='grc' dir='ltr'><strong><em>δ’</em></strong></span> <span class='ocrx_word' id='word_1_137' title='bbox 319 2109 390 2224; x_wconf 78' lang='grc' dir='ltr'><strong><em>ι’θός</em></strong></span> <span class='ocrx_word' id='word_1_138' title='bbox 402 2114 479 2198; x_wconf 88' lang='grc' dir='ltr'><strong><em>πρὸς</em></strong></span> <span class='ocrx_word' id='word_1_139' title='bbox 492 2123 590 2198; x_wconf 83' lang='grc' dir='ltr'><strong><em>τεῖχος</em></strong></span> <span class='ocrx_word' id='word_1_140' title='bbox 603 2113 757 2197; x_wconf 75' lang='grc' dir='ltr'><strong><em>ἐΰδμητον,</em></strong></span> <span class='ocrx_word' id='word_1_141' title='bbox 770 2115 899 2199; x_wconf 74' lang='grc' dir='ltr'><strong><em>βόας’</em></strong></span> <span class='ocrx_word' id='word_1_142' title='bbox 859 2141 937 2188; x_wconf 81' lang='grc' dir='ltr'><strong><em>αυας</em></strong></span> 
     </span>
     <span class='ocr_line' id='line_1_23' title="bbox 231 2199 934 2312; baseline 0.001 -48"><span class='ocrx_word' id='word_1_143' title='bbox 231 2199 323 2282; x_wconf 79' lang='grc' dir='ltr'><strong><em>ὀψόσ’</em></strong></span> <span class='ocrx_word' id='word_1_144' title='bbox 337 2202 543 2312; x_wconf 83' lang='grc' dir='ltr'><strong><em>άνασχόμενοι,</em></strong></span> <span class='ocrx_word' id='word_1_145' title='bbox 557 2203 636 2312; x_wconf 78' lang='grc' dir='ltr'><strong><em>ἕκιρν</em></strong></span> <span class='ocrx_word' id='word_1_146' title='bbox 650 2200 769 2285; x_wconf 78' lang='grc' dir='ltr'><strong><em>μεγάλω</em></strong></span> <span class='ocrx_word' id='word_1_147' title='bbox 783 2205 934 2284; x_wconf 75' lang='grc' dir='ltr'><strong><em>ἀλαλητῷ,</em></strong></span> 
     </span>
     <span class='ocr_line' id='line_1_24' title="bbox 230 2283 977 2376; baseline 0 -22"><span class='ocrx_word' id='word_1_148' title='bbox 230 2285 364 2354; x_wconf 80' lang='lat' dir='ltr'>A6666&#39;</span> <span class='ocrx_word' id='word_1_149' title='bbox 345 2283 423 2369; x_wconf 76' lang='grc' dir='ltr'><strong><em>αμφὶ</em></strong></span> <span class='ocrx_word' id='word_1_150' title='bbox 436 2287 553 2354; x_wconf 79' lang='grc' dir='ltr'><strong><em>ἄνακτα</em></strong></span> <span class='ocrx_word' id='word_1_151' title='bbox 565 2317 617 2355; x_wconf 86' lang='grc' dir='ltr'><strong><em>και</em></strong></span> <span class='ocrx_word' id='word_1_152' title='bbox 607 2286 758 2372; x_wconf 87' lang='grc' dir='ltr'><strong><em>Ἰαμενὸν</em></strong></span> <span class='ocrx_word' id='word_1_153' title='bbox 770 2315 820 2353; x_wconf 90' lang='grc' dir='ltr'><strong><em>και</em></strong></span> <span class='ocrx_word' id='word_1_154' title='bbox 812 2287 977 2376; x_wconf 80' lang='grc' dir='ltr'><strong><em>Ὀρέστην,</em></strong></span> 
     </span>
    </p>

    <p class='ocr_par' dir='ltr' id='par_1_5' title="bbox 162 2373 995 2829">
     <span class='ocr_line' id='line_1_25' title="bbox 162 2373 995 2493; baseline -0.002 -47"><span class='ocrx_word' id='word_1_155' title='bbox 162 2385 219 2446; x_wconf 83' lang='grc'><strong><em>140</em></strong></span> <span class='ocrx_word' id='word_1_156' title='bbox 230 2373 373 2461; x_wconf 71' lang='grc' dir='ltr'><strong><em>Ᾱσιάδην</em></strong></span> <span class='ocrx_word' id='word_1_157' title='bbox 386 2403 404 2442; x_wconf 89' lang='grc' dir='ltr'><strong><em>τ</em></strong></span> <span class='ocrx_word' id='word_1_158' title='bbox 404 2373 605 2493; x_wconf 67' lang='grc' dir='ltr'><strong><em>’ν’ίδάμαντα,</em></strong></span> <span class='ocrx_word' id='word_1_159' title='bbox 623 2375 732 2448; x_wconf 87' lang='grc' dir='ltr'><strong><em>Θόωνά</em></strong></span> <span class='ocrx_word' id='word_1_160' title='bbox 745 2404 777 2443; x_wconf 90' lang='grc' dir='ltr'><strong><em>τε</em></strong></span> <span class='ocrx_word' id='word_1_161' title='bbox 794 2379 941 2466; x_wconf 85' lang='grc' dir='ltr'><strong><em>Οἰνόμαόν</em></strong></span> <span class='ocrx_word' id='word_1_162' title='bbox 954 2405 995 2446; x_wconf 89' lang='grc' dir='ltr'><strong><em>τε</em></strong></span> 
     </span>
     <span class='ocr_line' id='line_1_26' title="bbox 231 2463 867 2584; baseline 0.005 -50"><span class='ocrx_word' id='word_1_163' title='bbox 231 2495 260 2534; x_wconf 94' lang='grc' dir='ltr'><strong><em>οι</em></strong></span> <span class='ocrx_word' id='word_1_164' title='bbox 253 2467 337 2534; x_wconf 77' lang='grc' dir='ltr'><strong><em>δ”</em></strong></span> <span class='ocrx_word' id='word_1_165' title='bbox 318 2495 386 2555; x_wconf 86' lang='grc' dir='ltr'><strong><em>ητοι</em></strong></span> <span class='ocrx_word' id='word_1_166' title='bbox 399 2466 465 2542; x_wconf 77' lang='grc' dir='ltr'><strong><em>εἵως</em></strong></span> <span class='ocrx_word' id='word_1_167' title='bbox 471 2467 528 2584; x_wconf 74' lang='grc' dir='ltr'><strong><em>μὲν</em></strong></span> <span class='ocrx_word' id='word_1_168' title='bbox 540 2468 716 2584; x_wconf 75' lang='grc' dir='ltr'><strong><em>ε’ὀκχήμιδας</em></strong></span> <span class='ocrx_word' id='word_1_169' title='bbox 728 2463 867 2555; x_wconf 72' lang='grc' dir='ltr'><strong><em>Ᾱχαιοός</em></strong></span> 
     </span>
     <span class='ocr_line' id='line_1_27' title="bbox 232 2556 939 2674; baseline 0.004 -49"><span class='ocrx_word' id='word_1_170' title='bbox 232 2556 359 2674; x_wconf 81' lang='grc' dir='ltr'><strong><em>ὀρνυον,</em></strong></span> <span class='ocrx_word' id='word_1_171' title='bbox 368 2560 495 2626; x_wconf 84' lang='grc' dir='ltr'><strong><em>ἐνδον”</em></strong></span> <span class='ocrx_word' id='word_1_172' title='bbox 465 2585 572 2638; x_wconf 89' lang='grc' dir='ltr'><strong><em>εοντες,</em></strong></span> <span class='ocrx_word' id='word_1_173' title='bbox 586 2557 754 2646; x_wconf 85' lang='grc' dir='ltr'><strong><em>άμόνεσθαι</em></strong></span> <span class='ocrx_word' id='word_1_174' title='bbox 767 2559 834 2649; x_wconf 82' lang='grc' dir='ltr'><strong><em>περὶ</em></strong></span> <span class='ocrx_word' id='word_1_175' title='bbox 847 2567 939 2648; x_wconf 78' lang='grc' dir='ltr'><strong><em>νηῶν·</em></strong></span> 
     </span>
     <span class='ocr_line' id='line_1_28' title="bbox 232 2647 918 2746; baseline 0.009 -31"><span class='ocrx_word' id='word_1_176' title='bbox 232 2647 330 2746; x_wconf 79' lang='grc' dir='ltr'><strong><em>αότάρ</em></strong></span> <span class='ocrx_word' id='word_1_177' title='bbox 344 2651 444 2734; x_wconf 80' lang='grc' dir='ltr'><strong><em>ἐπειδὴ</em></strong></span> <span class='ocrx_word' id='word_1_178' title='bbox 457 2659 555 2736; x_wconf 81' lang='grc' dir='ltr'><strong><em>τεῖχος</em></strong></span> <span class='ocrx_word' id='word_1_179' title='bbox 567 2652 781 2737; x_wconf 78' lang='grc' dir='ltr'><strong><em>ἐπεσσυμένους</em></strong></span> <span class='ocrx_word' id='word_1_180' title='bbox 794 2654 918 2738; x_wconf 88' lang='grc' dir='ltr'><strong><em>ἐνόησαν</em></strong></span> 
     </span>
     <span class='ocr_line' id='line_1_29' title="bbox 234 2738 993 2856; baseline 0.004 -51"><span class='ocrx_word' id='word_1_181' title='bbox 234 2740 385 2852; x_wconf 77' lang='grc' dir='ltr'><strong><em>Τράας,’</em></strong></span> <span class='ocrx_word' id='word_1_182' title='bbox 366 2738 445 2826; x_wconf 81' lang='grc' dir='ltr'><strong><em>ατὰρ</em></strong></span> <span class='ocrx_word' id='word_1_183' title='bbox 458 2743 635 2806; x_wconf 77' lang='grc' dir='ltr'><strong><em>Δαναῶν’</em></strong></span> <span class='ocrx_word' id='word_1_184' title='bbox 600 2769 699 2825; x_wconf 84' lang='grc' dir='ltr'><strong><em>ηενετο</em></strong></span> <span class='ocrx_word' id='word_1_185' title='bbox 715 2744 786 2827; x_wconf 82' lang='grc' dir='ltr'><strong><em>ἰαχή</em></strong></span> <span class='ocrx_word' id='word_1_186' title='bbox 796 2769 829 2810; x_wconf 87' lang='grc' dir='ltr'><strong><em>τε</em></strong></span> <span class='ocrx_word' id='word_1_187' title='bbox 843 2747 939 2856; x_wconf 86' lang='grc' dir='ltr'><strong><em>φόβος</em></strong></span> <span class='ocrx_word' id='word_1_188' title='bbox 951 2767 993 2818; x_wconf 90' lang='grc' dir='ltr'><strong><em>τε,</em></strong></span> 
     </span>
    </p>

    <p class='ocr_par' dir='ltr' id='par_1_6' title="bbox 162 2827 1029 3278">
     <span class='ocr_line' id='line_1_30' title="bbox 162 2827 948 2946; baseline 0.001 -49"><span class='ocrx_word' id='word_1_189' title='bbox 162 2829 246 2898; x_wconf 84' lang='grc'><strong><em>145’</em></strong></span> <span class='ocrx_word' id='word_1_190' title='bbox 230 2857 262 2895; x_wconf 90' lang='grc' dir='ltr'><strong><em>εκ</em></strong></span> <span class='ocrx_word' id='word_1_191' title='bbox 276 2829 307 2895; x_wconf 83' lang='grc' dir='ltr'><strong><em>δέ</em></strong></span> <span class='ocrx_word' id='word_1_192' title='bbox 320 2857 363 2896; x_wconf 91' lang='grc' dir='ltr'><strong><em>τω</em></strong></span> <span class='ocrx_word' id='word_1_193' title='bbox 349 2827 505 2907; x_wconf 68' lang='grc' dir='ltr'><strong><em>’,ἀΐξαντε</em></strong></span> <span class='ocrx_word' id='word_1_194' title='bbox 518 2829 641 2903; x_wconf 85' lang='grc' dir='ltr'><strong><em>πυλάων</em></strong></span> <span class='ocrx_word' id='word_1_195' title='bbox 654 2834 772 2918; x_wconf 83' lang='grc' dir='ltr'><strong><em>πρόσθε</em></strong></span> <span class='ocrx_word' id='word_1_196' title='bbox 783 2835 948 2946; x_wconf 78' lang='grc' dir='ltr'><strong><em>μαχέσθην,</em></strong></span> 
     </span>
     <span class='ocr_line' id='line_1_31' title="bbox 233 2916 947 3034; baseline 0 -48"><span class='ocrx_word' id='word_1_197' title='bbox 233 2921 421 3034; x_wconf 83' lang='grc' dir='ltr'><strong><em>άχροτέροισι</em></strong></span> <span class='ocrx_word' id='word_1_198' title='bbox 435 2916 553 2986; x_wconf 86' lang='grc' dir='ltr'><strong><em>σόεσσιν</em></strong></span> <span class='ocrx_word' id='word_1_199' title='bbox 566 2922 688 2998; x_wconf 78' lang='grc' dir='ltr'><strong><em>ἐοικότε,</em></strong></span> <span class='ocrx_word' id='word_1_200' title='bbox 701 2919 771 2988; x_wconf 81' lang='lat'>666²</span> <span class='ocrx_word' id='word_1_201' title='bbox 786 2924 816 2988; x_wconf 88' lang='grc' dir='ltr'><strong><em>ἐν</em></strong></span> <span class='ocrx_word' id='word_1_202' title='bbox 830 2921 947 3010; x_wconf 84' lang='grc' dir='ltr'><strong><em>ὄρεσσιν</em></strong></span> 
     </span>
     <span class='ocr_line' id='line_1_32' title="bbox 232 3004 957 3128; baseline 0.003 -52"><span class='ocrx_word' id='word_1_203' title='bbox 232 3013 349 3098; x_wconf 78' lang='grc' dir='ltr'><strong><em>ἀνδρῶν</em></strong></span> <span class='ocrx_word' id='word_1_204' title='bbox 361 3009 419 3128; x_wconf 80' lang='grc' dir='ltr'><strong><em>ήδέ</em></strong></span> <span class='ocrx_word' id='word_1_205' title='bbox 425 3004 519 3078; x_wconf 71' lang='grc' dir='ltr'><strong><em>κυνῶν</em></strong></span> <span class='ocrx_word' id='word_1_206' title='bbox 532 3007 654 3096; x_wconf 83' lang='grc' dir='ltr'><strong><em>δίχαται</em></strong></span> <span class='ocrx_word' id='word_1_207' title='bbox 663 3009 888 3128; x_wconf 76' lang='lat'>6666666666&#39;</span> <span class='ocrx_word' id='word_1_208' title='bbox 863 3039 957 3090; x_wconf 88' lang='grc' dir='ltr'><strong><em>ιοντα,</em></strong></span> 
     </span>
     <span class='ocr_line' id='line_1_33' title="bbox 231 3099 948 3189; baseline 0.003 -23"><span class='ocrx_word' id='word_1_209' title='bbox 231 3102 371 3186; x_wconf 85' lang='grc' dir='ltr'><strong><em>δοχμά’</em></strong></span> <span class='ocrx_word' id='word_1_210' title='bbox 344 3130 363 3176; x_wconf 83' lang='grc' dir='ltr'><strong><em>τ</em></strong></span> <span class='ocrx_word' id='word_1_211' title='bbox 385 3103 521 3169; x_wconf 78' lang='grc' dir='ltr'><strong><em>ἀΐσσοντε</em></strong></span> <span class='ocrx_word' id='word_1_212' title='bbox 533 3099 600 3189; x_wconf 81' lang='grc' dir='ltr'><strong><em>περὶ</em></strong></span> <span class='ocrx_word' id='word_1_213' title='bbox 614 3102 716 3186; x_wconf 88' lang='grc' dir='ltr'><strong><em>σφίσιν</em></strong></span> <span class='ocrx_word' id='word_1_214' title='bbox 729 3102 855 3188; x_wconf 82' lang='grc' dir='ltr'><strong><em>άηνντον</em></strong></span> <span class='ocrx_word' id='word_1_215' title='bbox 867 3100 948 3187; x_wconf 84' lang='grc' dir='ltr'><strong><em>ὀλην,</em></strong></span> 
     </span>
     <span class='ocr_line' id='line_1_34' title="bbox 230 3189 1029 3308; baseline 0 -50"><span class='ocrx_word' id='word_1_216' title='bbox 230 3192 364 3306; x_wconf 85' lang='grc' dir='ltr'><strong><em>πρυμνην</em></strong></span> <span class='ocrx_word' id='word_1_217' title='bbox 377 3189 582 3308; x_wconf 86' lang='grc' dir='ltr'><strong><em>ἐκτάμνοντες,</em></strong></span> <span class='ocrx_word' id='word_1_218' title='bbox 595 3193 669 3260; x_wconf 85' lang='grc' dir='ltr'><strong><em>ὀπαι</em></strong></span> <span class='ocrx_word' id='word_1_219' title='bbox 659 3189 718 3260; x_wconf 85' lang='grc' dir='ltr'><strong><em>’δί</em></strong></span> <span class='ocrx_word' id='word_1_220' title='bbox 727 3221 760 3260; x_wconf 91' lang='grc' dir='ltr'><strong><em>τε</em></strong></span> <span class='ocrx_word' id='word_1_221' title='bbox 773 3195 886 3278; x_wconf 84' lang='grc' dir='ltr'><strong><em>κόμπος</em></strong></span> <span class='ocrx_word' id='word_1_222' title='bbox 899 3195 1029 3261; x_wconf 80' lang='grc' dir='ltr'><strong><em>ὀδόντων</em></strong></span> 
     </span>
    </p>

    <p class='ocr_par' dir='ltr' id='par_1_7' title="bbox 164 3282 980 3372">
     <span class='ocr_line' id='line_1_35' title="bbox 164 3282 980 3372; baseline 0.007 -24"><span class='ocrx_word' id='word_1_223' title='bbox 164 3282 263 3350; x_wconf 79' lang='lat'><strong><em>150&#39;</em></strong></span> <span class='ocrx_word' id='word_1_224' title='bbox 231 3309 369 3371; x_wconf 86' lang='grc' dir='ltr'><strong><em>χιχνεται,</em></strong></span> <span class='ocrx_word' id='word_1_225' title='bbox 383 3284 476 3362; x_wconf 85' lang='grc' dir='ltr'><strong><em>εἶςόνιε</em></strong></span> <span class='ocrx_word' id='word_1_226' title='bbox 489 3285 537 3362; x_wconf 87' lang='grc' dir='ltr'><strong><em>τίς</em></strong></span> <span class='ocrx_word' id='word_1_227' title='bbox 548 3311 581 3353; x_wconf 90' lang='grc' dir='ltr'><strong><em>τε</em></strong></span> <span class='ocrx_word' id='word_1_228' title='bbox 593 3282 722 3372; x_wconf 76' lang='lat'>6666’</span> <span class='ocrx_word' id='word_1_229' title='bbox 708 3311 740 3353; x_wconf 87' lang='grc' dir='ltr'><strong><em>εκ</em></strong></span> <span class='ocrx_word' id='word_1_230' title='bbox 753 3286 851 3372; x_wconf 87' lang='grc' dir='ltr'><strong><em>θυμὸν</em></strong></span> <span class='ocrx_word' id='word_1_231' title='bbox 864 3285 980 3372; x_wconf 80' lang='grc' dir='ltr'><strong><em>ἕληται·</em></strong></span> 
     </span>
    </p>
   </div>
   <div class='ocr_carea' id='block_1_4' title="bbox 0 0 1224 3744">
    <p class='ocr_par' dir='ltr' id='par_1_8' title="bbox 0 0 1224 3744">
     <span class='ocr_line' id='line_1_36' title="bbox 0 0 1224 3744; baseline 0 0"><span class='ocrx_word' id='word_1_232' title='bbox 0 0 1224 3744; x_wconf 95' lang='lat' dir='ltr'><strong><em> </em></strong></span> 
     </span>
    </p>
   </div>
  </div>
 </body>
</html>
