2422 3736
417 467 940 560 ΙΛΙΑΔΟΣΚ.

590 675 765 692 m

289 785 451 853 Agamemno
470 787 595 836 insomnis
615 804 675 837 cum
695 787 771 838 fratre
792 785 909 838 Menelao
929 785 1001 838 lectis
1021 799 1127 840 evocant

238 857 375 908 Nestorem
390 869 415 905 et
428 857 491 905 alios
506 856 663 920 principum,
685 873 745 906 cum
760 857 839 919 iisque
856 857 974 906 excubias
984 855 1017 906 ad
1031 859 1129 906 fossam

238 927 334 974 obeunt
353 921 474 989 (1-193).
509 921 624 972 Consilio
644 925 692 984 ibi,
711 937 740 975 ut
756 925 783 972 in
799 923 905 988 trepidis
921 925 1010 984 rebus,
1030 924 1127 986 habito,

237 994 341 1042 mitumt
350 993 520 1058 speculatores
530 993 557 1040 in
568 1005 648 1042 castra
657 991 779 1052 Troiana,
794 991 953 1041 Diomedem
962 1005 1036 1056 atque
1046 991 1129 1058 Ulys-

238 1078 294 1110 sem
306 1055 459 1126 (194471).
492 1059 538 1108 His
549 1061 707 1124 aliquantum
735 1061 857 1124 rogressis
872 1077 978 1126 praepes
994 1061 1046 1108 avis
1063 1078 1129 1126 pro-

238 1146 342 1195 sperum
352 1129 487 1192 augurium
497 1127 569 1178 affert
584 1078 740 1194 (aps-2985.
768 1128 870 1176 Eodem
885 1141 1001 1193 tempore
1011 1123 1129 1178 Achivo-

154 1229 159 1237 -
238 1214 297 1249 rum
317 1198 421 1246 consilis
440 1198 601 1260 exploratum
619 1195 750 1262 prodierat
767 1197 892 1245 Troianus
912 1196 1028 1262 quidam,
1048 1196 1129 1257 Dolo,

237 1265 354 1314 Hectoris
364 1265 496 1331 promissis
506 1266 634 1324 incitante,
656 1281 745 1329 quem,
765 1265 798 1314 ad
808 1265 905 1314 navalia
921 1282 1000 1330 quum
1015 1266 1129 1314 maxime

237 1333 398 1391 tendentem,
418 1334 457 1381 illi
468 1331 688 1398 comprehendunt
704 1329 870 1400 (299—581).
900 1333 949 1383 Hic
959 1349 1038 1397 quum
1047 1333 1130 1382 vitam

237 1400 286 1450 sibi
297 1399 459 1463 deprecatus,
479 1416 585 1448 omnem
595 1401 673 1448 situm
683 1414 836 1461 castronun,
852 1413 884 1460 et,
900 1403 945 1451 ubi
954 1401 1061 1460 Rhesus,
1081 1415 1131 1451 rex

237 1467 378 1526 Threcum,
397 1465 525 1525 tenderet,
545 1465 679 1527 iudicavit,
701 1469 819 1531 proditor
834 1469 986 1518 aDiomede
1003 1467 1129 1518 occiditur
1188 1490 1199 1500 ·

237 1529 404 1598 (382-464).
437 1532 495 1580 Iam
503 1544 614 1596 pergunt
625 1533 658 1582 ad
673 1535 767 1582 cubilia
776 1535 866 1593 Rhesi,
888 1553 965 1598 quem
974 1537 1053 1586 morlo
1065 1537 1130 1586 sub-

236 1601 334 1649 tenisse
346 1617 406 1650 cum
415 1599 557 1663 insignibus
567 1601 637 1663 equis
648 1599 792 1666 audieraut;
812 1614 837 1649 et
846 1601 931 1666 ipsum
947 1603 1056 1666 quidem
1068 1621 1129 1654 cusu

237 1667 376 1718 duodecim
395 1669 470 1716 sociis
490 1669 624 1716 obtruncat
641 1667 795 1728 Diomedes,
816 1684 895 1732 equos
915 1673 1005 1720 avertit
1022 1672 1127 1737 Ulysses

238 1733 400 1800 (465-503).
428 1736 533 1796 Herosss,
545 1755 559 1784 a
570 1737 686 1785 Minerva
696 1738 795 1797 moniti,
806 1753 839 1784 ne
850 1754 893 1802 spe
903 1740 977 1804 plura
988 1740 1127 1804 praedandi
1206 1793 1207 1796 ,

237 1802 330 1852 diutius
341 1817 480 1864 morentur,
491 1803 554 1856 dum
559 1801 655 1871 Apollo
662 1806 774 1856 Thraces
784 1817 810 1858 et
819 1805 944 1858 Troianos
956 1809 1054 1871 excitat,
1065 1811 1127 1858 salvi

236 1871 269 1921 sd
279 1888 338 1923 suos
353 1885 513 1924 revertuntur
529 1871 696 1946 (bod-7579).

467 2003 887 2086 Δολάνεια

229 2142 351 2228 ’Ἀλλοι
362 2157 415 2242 μὲν
427 2157 512 2246 παρά
523 2157 624 2242 νηυσίν
637 2161 775 2245 ἀριστῆες
786 2165 970 2244 Παναχαιῶν

235 2247 320 2317 εὗδον
332 2248 497 2331 παννύχιοι,
509 2254 636 2331 μαλακῷ
650 2251 819 2331 δεδμημένοι
832 2246 929 2330 ὕπνῳ·

235 2339 300 2404 ἀλλ’
314 2339 367 2402 otiu
379 2331 530 2421 Ᾱτρεέδην
541 2331 752 2419 Ᾱγαμέμνονα,
765 2336 891 2418 ποιμένα
904 2339 994 2409 λαῶν,

234 2427 327 2500 ὕπνος
341 2423 387 2510 έχε
401 2425 548 2512 γλυκερός,
561 2421 660 2490 πολλὰ
675 2419 778 2510 φρεσίν
792 2424 981 2510 ὁρμαίνοντα.
1064 2506 1067 2510 ¹

202 2527 223 2591 6
236 2519 275 2593 ὡς
290 2519 321 2582 δ’
334 2513 378 2582 ὅτ’
391 2511 429 2580 ἀν
442 2514 601 2603 ἀστράπτῃ
614 2512 805 2598 πόσιςἮρης
817 2515 966 2596 ἠόκόμοιο,

234 2603 346 2697 raino?
357 2602 375 2688 ἢ
387 2602 483 2671 πολὺν
496 2603 608 2692 ὄμβρον
621 2604 808 2687 ἀθέσφατον,
820 2601 852 2686 ἀγὲ
866 2604 1010 2688 χάλαζαν,

233 2693 252 2781 ἢ
265 2696 394 2779 νιφετόν,
408 2692 458 2761 ὅτε
471 2696 526 2781 πέρ
539 2722 572 2761 τε
584 2691 656 2779 χιὼν
669 2694 812 2782 ἐπάλυνεν
825 2690 965 2778 ἀροόρας,

233 2788 269 2870 ἠέ
279 2795 358 2854 ποθι
369 2785 531 2868 πτολέμοιο
544 2785 619 2868 μέγα
632 2785 728 2866 στόμα
740 2789 944 2863 πευκεδανοῖο·

235 2873 275 2950 ὣς
288 2875 383 2946 πυκίν’
396 2874 428 2938 ἐν
440 2876 601 2956 στήθεσσιν
614 2873 816 2956 ἀνεστενάχιζ’
827 2867 1015 2956 Ἀγαμέμνων

187 2981 223 3038 10
237 2965 352 3032 νειόθεν
364 2965 396 3028 ἐκ
409 2963 546 3048 κραδίης·
560 2965 720 3048 τρομέοντο
735 2965 769 3028 δέ
780 2962 809 3028 oi
822 2962 926 3047 φρένες
939 2960 1031 3034 ἐντός.

235 3055 302 3140 ἦτοι
316 3051 359 3118 ὅτ’
373 3053 404 3126 ές
416 3053 566 3120 πεδίον’τὸ
582 3053 716 3139 Τρωϊκὸν
730 3054 897 3138 ἀθρήσειεν,

235 3142 389 3226 θαύμαζεν
402 3141 483 3230 πυρά
496 3139 606 3219 πολλά,
619 3137 658 3208 τά
670 3143 771 3230 καίετο
784 3143 889 3208 Ἰλιόθι
902 3139 970 3222 πρό,

161 3298 165 3304 ,
237 3235 335 3303 αόλάν
348 3235 490 3321 συρίγγων
503 3237 529 3302 τ’
543 3235 659 3319 ἐνοπήν,
673 3231 783 3318 ὅμαδόν
795 3231 819 3298 τ’
835 3228 1013 3315 ἀνθρώπων.
