2434 3748
378 584 895 677 ΙΛΙΑΛΟΣΠ.

546 795 724 810 m-

237 903 356 956 Pttroclo
368 904 516 972 deprecanti
525 902 836 972 permittitAchilles,snis
847 918 872 956 et
881 905 958 956 armis
969 899 1085 971 et‘copiit

188 971 221 1022 nd
231 991 346 1039 pugnam
358 977 434 1036 exire,
448 992 477 1024 ea
486 976 551 1038 lege,
563 987 597 1035 ut,
604 976 732 1024 Troianos
743 995 758 1025 a
768 977 872 1026 navibus
883 976 1009 1041 depulisse
1021 991 1086 1022 con-

188 1053 280 1102 tentus,
288 1046 381 1094 maiori
391 1061 424 1092 ne
435 1062 461 1094 se
471 1044 588 1110 periculo
600 1043 703 1094 obiiciat
714 1043 846 1107 (1-100).
862 1045 919 1094 Iam
929 1046 983 1109 ipsc
994 1043 1087 1093 debili-

186 1123 252 1161 tatus
258 1109 323 1163 Aiax
329 1114 428 1163 obstare
435 1109 487 1162 non
493 1113 646 1176 vuluiclquin
652 1113 718 1176 ignis
725 1113 924 1163 inferreturnavi
931 1112 988 1176 (101
996 1139 1012 1149 -
1020 1111 1087 1172 123).

187 1179 247 1244 Quo
258 1181 320 1241 viso,
326 1179 442 1236 Achilles
451 1183 519 1231 ultro
527 1181 642 1230 amicum
651 1181 678 1228 in
688 1198 759 1230 arma
769 1193 850 1242 vocat,
866 1181 970 1230 ordines
980 1196 1089 1231 suorum

187 1248 295 1306 instruit,
307 1253 452 1316 alloquitur,
458 1251 581 1299 libatione
591 1250 740 1314 etprecibus
746 1251 807 1299 susis
813 1248 934 1314 dimittit(
943 1246 1087 1312 124-256).

185 1315 299 1382 Repente
315 1333 465 1385 conspectus
482 1316 680 1384 Myrmidonum
699 1317 791 1368 ductor
812 1329 985 1368 consternatos
1001 1317 1086 1366 hostes

185 1381 295 1435 Achillis
302 1383 390 1456 'specie
402 1390 476 1447 fallit,
482 1405 575 1437 navem
581 1388 771 1454 oppugnatione
778 1387 877 1450 liberat,
887 1387 1087 1438 incendiumre-

186 1456 293 1518 stinguit
303 1455 311 1522 (
320 1457 444 1524 257-505
451 1455 474 1520 );
484 1458 614 1523 proelium
623 1457 708 1522 primo
719 1457 1087 1524 cormnittitapudnnvesmox

187 1539 263 1572 caeco
273 1542 367 1589 pavore
383 1528 510 1592 fugientes
525 1544 601 1592 supra
617 1527 714 1591 vallum
726 1539 751 1576 et
765 1544 844 1591 usque
858 1527 891 1577 ad
906 1525 991 1592 campi
1001 1536 1088 1589 apertu

186 1595 320 1657 compellit
330 1591 500 1666 (tm-418),
519 1592 612 1644 deinde
622 1611 774 1660 congressus
784 1595 969 1663 Sarpedonem,
979 1594 1048 1644 Iovis
1059 1594 1088 1642 fi·

185 1661 259 1720 lium,
270 1664 383 1728 perimit,
393 1665 477 1714 ultore
495 1664 580 1714 caedis
595 1665 685 1713 relicto
697 1665 796 1714 Glauco
808 1661 967 1732 (419-507).
990 1661 1016 1712 Is
1028 1679 1088 1712 cum

168 1759 174 1766 ·
185 1729 296 1780 Hectore
308 1744 333 1782 ct
343 1734 399 1782 aliis
410 1735 584 1782 Troianorum
594 1734 665 1796 gravi
675 1736 814 1782 certamine
823 1729 935 1793 Achivis,
948 1732 1029 1798 spolia
1039 1730 1085 1779 de·

184 1798 350 1861 trahentibus,
370 1818 463 1868 corpus
472 1801 629 1868 Sarpedonis
641 1803 764 1867 eripiunt:
786 1800 863 1866 quod,
873 1802 943 1851 iussu
952 1800 1029 1860 Iovis,
1047 1800 1088 1848 lo·

185 1878 357 1918 tumunctum
393 1868 513 1936 eApollo
523 1883 614 1930 tuetur,
635 1870 667 1919 nb
683 1859 772 1920 amicis
786 1871 814 1918 in
823 1869 931 1936 Lyciam
947 1868 1088 1935 deportan-

187 1934 252 1984 dum
262 1888 417 2003 (508-6Ἡδ).
437 1941 488 1990 lllo
499 1958 587 1991 rerum
603 1956 720 1990 successu
734 1941 809 1989 ferox
817 1938 949 1988 Patroclus
960 1938 1088 1986 Troianos

186 2002 220 2052 cd
229 2005 323 2053 urbem
337 2011 505 2072 persequitur,
525 2025 679 2072 murumque
695 2010 749 2057 eius
764 2007 871 2068 scandit,
889 2006 937 2056 sed
946 2006 978 2054 ab
994 2005 1089 2058 codem

187 2072 237 2121 deo
249 2073 394 2124 detruditur
403 2073 544 2146 (684-711
553 2077 576 2141 );
604 2089 692 2125 tamen
701 2077 807 2126 Hectori
817 2093 903 2127 rursus
914 2075 1021 2124 irruenti
1031 2076 1088 2124 for-

186 2142 247 2208 titer
258 2142 364 2201 obsistit,
377 2145 493 2208 aurigam
503 2147 556 2194 eius
568 2144 726 2194 Cebrionem
735 2157 816 2204 necat,
832 2145 971 2208 spoliatum
981 2141 1088 2193 cadaver

187 2209 475 2276 abstrahit(712-782);
487 2214 596 2279 denique
609 2215 755 2279 complures
765 2229 797 2262 ex
807 2211 882 2262 turba
891 2213 1018 2273 interficit,
1037 2211 1088 2260 do-

186 2294 235 2326 nec
245 2280 337 2344 ipsum,
356 2282 382 2329 vi
391 2279 521 2348 Apollinis
531 2285 667 2332 attoniuun
678 2295 703 2331 et
712 2283 790 2332 armis
802 2293 913 2342 exutum,
932 2279 1087 2348 Euphorbus

186 2347 287 2408 sauciat,
308 2349 405 2399 Hector
414 2351 559 2416 prosternit,
581 2350 624 2412 qui
640 2347 862 2401 ctAutomedonti
877 2353 959 2415 instat,
979 2347 1087 2404 Achilli³

187 2431 292 2467 currum
300 2415 413 2484 propere
422 2417 456 2467 ad
465 2435 541 2469 naves
552 2417 638 2485 agenti
652 2414 815 2487 (783-867).

453 2567 823 2670 Πατρόκλοιο.

173 2693 253 2796 Ὣς
267 2719 296 2787 οἱ
307 2719 360 2806 μέν
373 2717 441 2808 περὶ
454 2725 526 2808 νηὸς
539 2725 715 2812 ἐϋσσέλμοιο
727 2721 877 2812 μάχοντο·

157 2899 159 2904 Α
185 2813 368 2900 Πάτροκλος
381 2814 411 2880 δ’
420 2811 540 2900 Ᾰχιλῆΐ
549 2818 732 2904 παρίστατο,
746 2820 865 2902 ποιμένι
879 2821 971 2896 λαῶν,

186 2904 302 2989 δάκρυα
315 2902 416 2988 θερμὰ
428 2909 513 2990 χιόον,
527 2905 602 2980 circs
611 2911 705 2994 ’κρήνη
717 2911 911 2996 μελάνυδρος,

185 2991 236 3076 ἦτε
250 2993 314 3059 κατ’
330 2995 482 3078 αἰγίλιπος
496 2999 607 3081 πέτρης
622 2999 768 3084 δνοφερὸν
781 3001 840 3082 χέοι
853 2997 946 3086 ὕδωρ,

94 3117 96 3122 v
155 3089 173 3146 5
185 3081 239 3148 τὸν
252 3082 283 3148 δὲ
298 3081 369 3149 ἰδὼν
383 3084 504 3171 ᾤκτειρε
517 3087 671 3173 ποδάρκης
685 3084 919 3172 δῖοςᾹχιλλεές,

187 3173 242 3238 καί
251 3199 302 3255 μιν
315 3177 458 3259 φωνήσας
471 3178 544 3242 ἔπεα
557 3179 724 3264 πτερόεντα
736 3177 907 3266 προςηέδα·

234 3265 330 3330 Τι’πτε
344 3263 533 3354 δεδάκρυσαι,
545 3270 736 3355 Πατρόκλεις
743 3300 754 3346 ,·
767 3269 837 3354 ἠΰτε
850 3269 944 3355 κούρη

185 3351 284 3436 νηπίη,
298 3350 348 3436 ἦθ’
364 3353 429 3441 ἅμα
441 3356 530 3446 μητρὶ
542 3360 646 3444 δέουέ
664 3359 828 3428 ἀνελέσθαι
843 3360 958 3444 οἶνώηιι,
