2406 3728
287 179 291 184 ’
379 205 659 276 Imm
698 165 764 277 νζ
992 213 1050 280 εν

150 354 250 436 πλῆξ’·
243 348 326 418 ’ἀπό
341 353 366 416 6’
380 345 536 436 αέχένος’
515 375 596 434 ωμον
607 351 750 437 ἐέργαθεν
762 349 841 434 ἡδ’
821 346 881 417 απὸ
895 345 1000 418 νότον.

150 441 225 518 τοὺς
237 441 291 524 μὲν
304 440 375 516 ἐασ’,
390 467 411 505 ο
395 442 444 506 ‘6'·
456 440 589 528 Αβαντα
601 438 751 524 μετῴχετο
763 467 814 506 και
805 436 987 520 Πσλόλδον,

149 534 234 606 υἱέας
245 529 492 646 Εὐρυδάμαντος,
504 528 757 618 ὀνειροπόλοιο’
723 557 877 616 χοροντος·

78 634 136 689 150
149 633 214 696 τοῖς
228 625 281 687 σ’ἐκ
293 623 466 707 ἐρχομένοις
479 623 495 686 6
509 623 601 706 χέρων
614 620 775 706 ἐκρίνατ”
758 621 899 708 ονείρονς,

150 709 231 780 6666
244 737 341 796 σφεας
354 709 498 798 κρατερὸς
508 708 664 798 ,Διομήδης
678 708 850 796 ἐξενάριξεν.

149 809 186 889 βῆ
200 801 232 868 66
244 800 321 886 μετὰ
333 799 457 870 Ξάνθον
470 829 502 867 τε
519 799 629 868 Θόωνά
637 807 683 876 26,
700 801 858 877 Φαίνοπος
870 802 924 880 υἷε,
990 874 992 882 ,

110 892 241 1006 ἄμφω
254 893 449 1006 τηλνχέτω·“ό
464 891 495 957 66
508 891 623 976 τείρετο
637 889 842 1002 χηραΐλοχρομ,

149 981 213 1047 οἷὸν
226 985 298 1047 δ”
265 1008 299 1046 ον
312 983 397 1046 τέκετ
396 981 553 1057 ’ἄλλον,’
538 978 587 1045 επὶ
600 979 755 1046 κτεάτεσσι
769 983 923 1052 λιπέσθαι.

82 1081 136 1138 155
149 1071 213 1137 ἐνθ’
227 1069 275 1156 όχε
289 1069 360 1146 τοὺς
374 1069 497 1186 ἐνάριζε,
512 1072 666 1182 ιηίλονδε
654 1071 790 1148 ἐξαίνυτο
803 1069 903 1183 θημὸν

151 1163 322 1276 ἀμφοτέρω,
335 1164 443 1248 πατέρι
457 1161 488 1227 66
501 1159 570 1246 χόον
583 1188 633 1224 και
624 1157 737 1243 κήδεα
750 1161 844 1248 λυχρέι

151 1254 265 1327 λεῖπ’,’
250 1249 313 1317 επεὶ
327 1279 362 1317 ον
354 1249 538 1328 ’ζώοντε’
496 1277 593 1362 μαχης
607 1252 639 1314 ἐκ
652 1248 835 1333 νοστήσαντι

152 1345 275 1420 δέξατο
288 1353 441 1429 ’χηρωσται
432 1340 487 1406 δέ
501 1339 551 1407 διὰ
563 1346 666 1452 κτῆσην
679 1342 842 1408 δατέοντο.

192 1431 278 1498 Ἔνθ’
289 1433 357 1507 νίας
369 1431 523 1518 Πριάμοιο
538 1428 597 1496 666
612 1428 686 1542 λάβε
699 1432 905 1518 Δαρδανίδαο,

84 1522 181 1589 160’
152 1549 194 1588 ειν
207 1525 248 1588 ένι
240 1520 404 1638 66666''
373 1549 488 1598 νοντας,
502 1519 665 1606 Ἐχέμμονά
677 1547 710 1587 τε
723 1523 861 1607 Χρομίον
873 1549 915 1590 τε.

153 1614 192 1688 ὡς
205 1613 235 1679 66
248 1615 351 1679 λε”ων
336 1641 367 1679 εν
378 1611 465 1726 βουσὶ
478 1609 582 1698 θορὼν
595 1613 678 1724 66³
640 1613 751 1697 ανχίνα
763 1612 820 1702 άξη

153 1701 276 1816 πόρτιρς
288 1707 320 1820 ηε
311 1701 414 1790 βοός,
430 1701 554 1817 ξόλοχοχ
568 1701 647 1768 κάτα
660 1684 884 1814 βοσκομενάων·

153 1791 192 1866 ὣς
204 1793 276 1868 τοὺς
288 1796 480 1910 ολμφρτέρονς
492 1791 551 1871 ἐξ
538 1819 634 1859 ιππων
650 1795 761 1868 Τυδέος
773 1791 838 1867 6664·

150 1889 222 1996 βῆσε
235 1890 336 1970 κακῶς
350 1886 503 1959 ἀέκοντας,
517 1884 620 1950 ἔπειτα
633 1883 665 1948 66
675 1881 761 1993 τεόχε
761 1881 891 1948 ’ἐσόλα·

79 1972 163 2040 165
149 2000 260 2046 ιππονς
273 1975 346 2038 δ’
314 2001 358 2046 οις
372 1973 504 2060 ἑτάροισι
517 1975 600 2040 δίδον
614 1971 690 2056 μετὰ
702 1980 776 2056 νῆας
789 1970 930 2040 ἐλαύνειν.

59 2076 62 2079 ’
200 2061 263 2126 Τὸν
276 2065 301 2125 δ’
316 2061 375 2125 ίδεν
386 2065 512 2138 Αένείας
526 2061 723 2176 ἀλαπάζοντα
737 2061 843 2176 στίχας
856 2063 986 2148 ἀνδρῶν·

150 2157 188 2237 66
202 2149 259 2216 6'’'
243 2177 306 2234 ιμεν
319 2149 356 2216 άν
369 2179 401 2218 τε
413 2151 509 2238 μάχην
523 2151 573 2220 καὶ
587 2149 645 2218 άνά
659 2149 792 2218 κλόνον’
777 2149 926 2237 εχχειάων,

149 2239 314 2354 Πάνδαρον
326 2244 468 2308 οέντίθεον
482 2242 686 2358 διζήμενος,
656 2270 680 2308 ει
693 2267 751 2308 τιον
764 2240 893 2355 ἐιηεόροι.

150 2325 215 2417 εὗρε
226 2330 427 2407 Λυκάονος
398 2332 465 2399 σιὸν
474 2333 612 2449 6666066
625 2361 657 2400 τε
670 2333 815 2420 κρατερόν
827 2359 875 2399 τε·

80 2435 136 2490 170
150 2447 204 2505 στη
190 2422 250 2488 ’δὲ
262 2421 374 2509 πρόσθ’
389 2427 503 2500 αὐτοῖο,
518 2424 589 2500 έπος
602 2427 637 2490 τέ
647 2453 697 2508 μιν
711 2425 814 2491 ἀντίον
826 2421 915 2538 6666·

93 2569 95 2573 .
192 2510 418 2627 Πάνδαρε,ποῦ
432 2542 480 2580 τοι
493 2513 582 2593 τόξον
596 2514 637 2580 ἰδὲ
650 2513 824 2628 πτερόεντες
837 2511 943 2588 ὀϊστοί,

149 2629 200 2667 και
192 2599 354 2678 ’κλέος,·
331 2631 355 2688 ῳ
369 2605 452 2678 οότις
465 2631 513 2670 τοι
528 2605 655 2691 ἐρίζεται
669 2602 815 2688 ἐνθάδεχ’
830 2600 915 2687 6666,

109 2711 111 2718 ’
151 2696 223 2759 οέδέ
233 2721 280 2766 τις
293 2695 323 2758 έν
335 2695 434 2783 Λυκίη
448 2695 524 2778 σέοχ’
537 2695 653 2779 εὔχεται
667 2698 773 2760 εἶναι’
754 2693 888 2808 αμείνων.

150 2783 252 2848 ἀλλ”
231 2810 292 2896 αχε,
305 2785 407 2866 τῷδ’Ἰ
390 2811 459 2868 ειμες
473 2781 557 2896 α’νδρλ
571 2787 668 2871 βέλος,
683 2784 739 2850 Διῒ
746 2795 848 2871 χεῖρας
862 2778 1018 2867 ἀνασχών,

80 2869 166 2939 175⁹
149 2899 230 2948 οςτις
243 2872 293 2939 όδε
297 2877 434 2986 κρηιτέει,
448 2901 498 2940 και
490 2871 546 2958 66
560 2903 639 2986 6666
625 2873 782 2942 πολλά’
766 2901 865 2988 εηρχεηι

151 2969 275 3050 Τρῶας·
290 2965 353 3029 ἐπει
345 2963 425 3030 πολ
428 2971 487 3030 λων
500 2991 532 3029 τε
545 2993 595 3030 και
586 2963 728 3032 έσθλων
740 2961 849 3049 χοόνατ
850 2959 987 3028 ’ἔλασεν

148 3055 177 3120 εἰ
187 3052 226 3164 μή
240 3061 287 3129 τίς
295 3050 403 3169 βεός’
388 3081 460 3131 εστι,
474 3055 691 3140 κοτεσσάμενος
706 3053 866 3165 Τρώεσσιν,
912 3105 917 3110 -

149 3144 220 3241 ἐρῶν
232 3145 374 3230 μηνίσας·
386 3145 502 3261 666666
516 3146 547 3214 66
559 3145 666 3212 666*
649 3173 696 3211 επι
709 3152 801 3229 μῆνις.

195 3233 258 3302 Τδν
271 3233 347 3302 δ’
311 3263 383 3303 αντε
396 3239 551 3350 προςίειπη
563 3233 722 3310 Λυκάονος
736 3232 890 3345 ολχλοιὸςι
859 3231 939 3310 νεός·

81 3329 134 3392 180
146 3325 270 3403 Αἰνεία,
286 3325 399 3414 Τρώων
412 3327 580 3415 βουληφόρε
592 3324 830 3412 χαλκοχιτώνων,
