2406 3728
528 195 594 264 VII

100 365 188 430 sunt,
217 359 252 410 ut
278 348 394 410 ,etiamsi
409 339 534 426 ‘penitus
561 347 704 425 explicari
723 354 889 424 nequeant,
916 357 1017 408 tamen

103 454 176 533 quial
203 453 257 509 sibi
274 451 369 536 velint
387 457 440 506 aut
457 447 529 524 quid
546 448 584 505 ed
602 456 740 506 ornatum
752 449 898 506 orationis
911 447 1015 511 confe-

104 561 187 626 rant,
201 551 298 609 facilc¹
302 549 416 625 percipi
426 549 538 623 possit3
557 557 721 622 temporum
734 556 833 607 autem
844 548 1013 613 modorum-

103 672 159 730 que
180 669 272 722 usus,
305 649 339 714 in
363 665 424 722 quo
440 645 552 724 genere
563 645 805 714 adhuclaborant
818 649 1014 726 grammatici,

104 759 185 807 certe
197 767 259 812 non
272 745 394 821 impedit
407 745 479 820 quin
493 763 598 812 sensns
613 745 761 808 (lictorum
768 747 897 823 intelligi
906 748 1013 820 possit3

6 831 15 850 ’
108 848 236 922 denique
251 847 430 920 particulae,
457 861 584 920 quarum
601 854 636 914 nt
655 844 946 920 copiaadmirabilis‚
972 847 1014 900 ita

103 949 212 1004 eximia
235 944 272 1000 ad
285 953 473 1002 venustatem
487 947 631 1001 orationis
645 946 691 1002 vis
706 953 766 1017 est,
789 945 870 1020 ipsae
883 951 1012 1019 potcsta-

100 1057 160 1104 tem
174 1064 260 1110 suam
273 1063 360 1121 saepe
375 1053 406 1102 et
417 1047 543 1114 multum
555 1044 672 1122 legenti·
680 1025 826 1120 aperiunt.

183 1183 232 1242 Ex
248 1181 294 1240 his
315 1184 525 1260 consequitur,
558 1201 631 1260 quos
649 1190 731 1239 recte
744 1180 869 1239 Homeri
886 1181 1013 1238 lectione

100 1283 232 1342 imbuere
243 1285 394 1358 volumus,
409 1303 444 1340 eo
458 1281 662 1360 perducendos
677 1299 753 1352 esse,
764 1288 961 1358 utpostquam
976 1297 1014 1337 ex

101 1385 199 1440 tribus
213 1393 389 1460 quattuorve
401 1381 567 1460 rhapsodiis
581 1383 690 1440 formas
704 1381 863 1440 verborum
876 1389 1013 1437 constru-

101 1484 294 1558 ctionumque
306 1487 425 1564 regulet
440 1486 611 1564 amegistro
626 1485 811 1562 acceperint,
826 1479 930 1538 deinde
943 1481 1014 1536 reli·

102 1599 161 1656 qua
175 1583 233 1658 ipsi
246 1583 452 1642 oblectationis
467 1603 572 1642 caussa
585 1586 685 1662 legere
697 1585 823 1660 possint.
836 1581 942 1655 quue
955 1579 1014 1636 line

100 1689 183 1738 totus
197 1683 235 1737 iis
248 1683 445 1762 perlegendus
460 1694 506 1742 est
518 1682 683 1741 Homerus:
707 1684 739 1740 in
754 1699 812 1757 qua
824 1699 857 1737 rc
869 1679 942 1738 haec
956 1681 1015 1736 tria

100 1788 173 1836 sunt
186 1779 383 1842 observanda:
396 1783 515 1860 primo,
533 1793 569 1841 ut
580 1783 611 1840 id
622 1782 679 1840 hoc
692 1784 756 1858 ipso
769 1781 845 1855 fine,
860 1783 911 1856 qui
926 1781 1014 1836 estin

99 1878 290 1954 percipienda
304 1883 466 1941 carminum
479 1885 597 1942 illorum
610 1881 811 1959 pulcritudine
823 1881 955 1957 positus,
970 1877 1015 1933 fa-

102 1978 199 2050 ciant3
234 1977 367 2056 deinde,
388 1993 423 2040 ut
448 1994 592 2061 qnantum
615 1969 682 2040 fieri
706 1983 802 2057 possit
818 1985 959 2055 perpetua
977 1977 1017 2032 sit

7 2089 10 2118 ⁷
99 2079 214 2147 lectio,
229 2092 334 2158 ‚neque
348 2081 384 2132 ati
396 2084 471 2133 alios
485 2085 646 2151 scriptores
661 2076 804 2158 divertat,
843 2077 969 2150 denique
983 2084 1018 2132 ut

6 2243 9 2251 Ι
102 2177 223 2252 saepius
240 2175 342 2254 legant
352 2154 530 2248 Homerum,
564 2184 719 2253 totumque
743 2176 898 2234 imbibant:
938 2176 1017 2252 quod

6 2293 8 2302 ·
103 2295 138 2332 ec
159 2277 279 2333 facilius
298 2275 349 2348 flt,
383 2277 453 2352 qnia
473 2293 531 2352 quo
545 2277 662 2352 saepius
676 2277 1015 2356 illacarminalegimus,

102 2394 139 2432 eo
153 2377 250 2454 magis
265 2377 396 2434 animum
408 2377 559 2449 retinent,
585 2377 681 2454 magis
695 2379 849 2456 magisque
861 2369 1015 2452 patescen-

20 2538 30 2552 ,
101 2477 183 2533 tibus
196 2475 462 2534 innumerabilibus
476 2477 535 2532 illis
548 2477 726 2549 virtutibus,
741 2493 817 2552 quae
830 2478 939 2554 ubique
954 2477 1023 2534 dis-'

6 2623 7 2628 ,
101 2577 267 2636 seminatae
280 2567 342 2634 non
355 2577 415 2633 nisi
427 2578 578 2652 paullatim
591 2577 698 2634 aniame
711 2595 777 2634 sese
790 2578 953 2636 insinuant.

187 2713 305 2774 Horum
327 2717 446 2796 singula
473 2715 544 2794 quid
561 2717 694 2794 prosint,
730 2718 832 2797 paucis
850 2717 1013 2776 declarabo.

100 2815 144 2871 Ac
158 2814 239 2891 quod
250 2817 378 2891 primurn
389 2817 493 2892 posui,
519 2821 653 2877 nonalia
667 2819 727 2876 fine
740 2837 828 2896 quam
842 2819 1014 2877 oblectatio·

100 2916 149 2971 nis
168 2933 275 2972 caussa
284 2915 444 2995 legendum
459 2935 524 2975 esse
537 2917 718 2992 Homerum,
754 2917 786 2976 id
800 2918 945 2976 eiusmodi
958 2929 1014 2994 cst,

99 3024 136 3072 ut
153 3033 217 3075 non
234 3016 332 3075 solum
344 3017 505 3075 iucundam
518 3018 622 3076 reddat
635 3007 885 3092 eem'lectionem,
911 3019 1015 3097 legen·

11 3151 14 3162 .
100 3121 223 3188 temque
246 3116 376 3172 retineat
393 3125 483 3192 atque
496 3118 534 3174 ad
546 3119 754 3194 repetitionem
766 3119 886 3198 legendi
898 3121 1016 3188 invitet,

100 3211 156 3268 sed
176 3215 267 3272 etiem
292 3223 328 3274 ut
349 3234 418 3276 eum
444 3216 634 3276 doceatillud
647 3219 744 3294 ipsum
757 3221 889 3298 cogitare
902 3235 1018 3275 acsen·
1083 3277 1089 3286 ἱ

7 3357 14 3396 5
98 3309 180 3383 sire,
208 3311 288 3388 quod
306 3318 436 3398 cogitari
445 3319 826 3398 mtiriquoroluitpoeta.
866 3317 1019 3392 inquere
