2438 3744
428 573 795 662 ΙΛΙΑΔΟΣ
851 576 904 658 Λ.

172 915 174 920 ’
273 887 413 940 instructus
428 886 570 956 splendidis
586 891 664 940 annis
679 886 842 956 Agamemno
858 907 933 940 mane
954 891 1039 956 copias
1059 907 1115 941 suas

224 959 252 1009 in
270 960 353 1009 aciem
372 958 470 1018 educit,
492 960 570 1008 simul
584 959 681 1008 Hector
695 972 720 1009 et
735 961 777 1008 alii
798 961 926 1025 principes
942 961 1116 1010 Troianorum

224 1025 340 1092 (1-66).
373 1027 480 1076 Insolita
498 1030 590 1078 virtute
604 1025 818 1092 Agamemnonis,
839 1045 902 1093 quae
919 1041 944 1077 et
959 1030 1117 1092 incognitam

223 1096 484 1157 turbaminllammat,
501 1099 607 1146 Troiani
617 1110 818 1156 commoventur,
828 1113 921 1161 magna
932 1097 1003 1146 clade
1015 1111 1118 1162 accepta

225 1161 374 1230 (67-162)·
408 1166 505 1216 Hector
514 1168 575 1231 ipse,
587 1165 620 1215 ad
630 1167 701 1216 urbis
711 1182 789 1230 usque
800 1167 903 1214 moenia
914 1168 1037 1231 repulsus,
1049 1167 1117 1215 lovis

224 1233 294 1280 iussu
309 1234 436 1300 impetum
450 1235 556 1284 furentia
571 1234 707 1284 adversarii
723 1234 846 1295 declinat,
866 1234 949 1282 donec
965 1237 1008 1284 ille
1020 1236 1117 1284 saucius

225 1301 325 1366 proelio
337 1303 468 1364 egreditur
483 1301 648 1368 (163-283).
683 1303 742 1367 Quo
757 1305 830 1362 sacto,
847 1303 943 1353 Hector
953 1303 984 1352 ad
995 1320 1115 1370 pugnan-

226 1367 290 1416 dum
299 1368 378 1428 redit,
399 1384 424 1419 et
435 1387 531 1420 novum
541 1371 661 1420 ardorem
671 1372 753 1420 iniicit
762 1374 813 1420 suis
829 1369 968 1438 (284-309
975 1372 993 1436 ).
1027 1371 1119 1420 Aciem

224 1435 373 1483 inclinatam
383 1440 517 1486 restituunt
526 1439 675 1496 Diomedes,
691 1438 803 1504 Ulysses,
818 1435 897 1490 Aiax:
913 1441 959 1488 sed
969 1437 1118 1500 Diomedes,

224 1518 239 1549 a
249 1499 340 1548 Paride
350 1503 507 1564 minoratus,
528 1505 578 1551 cito
590 1505 622 1551 ad
632 1521 708 1551 naves
719 1507 847 1552 revehitur
865 1506 1035 1570 (dm-400),
1055 1511 1119 1556 item

223 1565 334 1634 Ulysses,
351 1571 496 1618 uulneratus
507 1587 520 1617 a
531 1570 611 1628 Soco,
628 1583 709 1632 atque,
727 1587 757 1617 eo
768 1573 895 1631 transfixo,
911 1591 925 1620 a
936 1574 1054 1623 Troianis
1066 1577 1119 1622 cir·-

224 1649 379 1693 cumventus,
391 1655 438 1702 ope
446 1639 557 1686 Menelai
563 1634 678 1686 etAiacis
684 1637 843 1686 dimicationi
851 1639 1117 1704 eripiuntur-488),

223 1703 389 1756 moxParidis
400 1708 496 1771 sagittis
506 1707 671 1756 vulnerantur
676 1706 783 1756 Machao
791 1705 966 1774 etEurypylus
974 1702 1117 1785 (489-596).

224 1774 402 1834 Machaonem,
409 1776 523 1825 Nestoris
529 1775 853 1840 cumtpraetervehentem,
865 1777 1023 1842 conspicatus
1029 1773 1117 1826 Achil·

223 1841 269 1903 les,
280 1843 426 1895 Patroclum
435 1846 513 1894 mittit
523 1846 664 1910 praesentia
675 1845 839 1908 cogniturum
854 1841 1013 1910 (597-617).
1037 1845 1062 1894 Ia
1073 1847 1115 1895 ubi

224 1912 396 1964 Machaonem
410 1916 525 1978 agnovit,
545 1914 677 1964 aNestore
692 1915 866 1962 miserrimam
881 1913 1010 1962 fortunam
1025 1917 1117 1979 proelii

225 1980 347 2032 edocetur·
357 1996 518 2048 rogaturque,
538 1995 566 2032 ut
580 1985 621 2032 vel
631 1980 761 2032 Achillem
776 1982 808 2032 ad
824 1983 948 2034 araxilium
956 1977 1060 2032 Achivis
1077 1984 1118 2032 fe-

224 2050 335 2100 rendum
345 2053 473 2118 imploret,
483 2053 524 2101 vel
535 2054 600 2117 ipse,
611 2047 720 2101 Achillia
731 2070 800 2102 arma
812 2051 921 2112 indutus,
932 2051 1016 2101 hostes
1026 2063 1118 2100 terreat

226 2113 392 2182 (618-803).
410 2121 441 2168 In
452 2121 535 2170 reditu
545 2121 676 2169 Patroclus
687 2123 849 2186 Eurypylum
859 2137 890 2168 ex
898 2121 1002 2169 vulnere
1013 2138 1117 2185 aegrum

201 2237 204 2244 ,
226 2184 339 2246 offendit,
357 2189 430 2250 eique
441 2189 468 2236 in
477 2189 618 2236 tentorium
629 2189 713 2237 delato
723 2190 842 2237 medetur
852 2184 1017 2251 (804-848).

378 2331 709 2428 Ἀγαμέμνονος
738 2335 955 2436 ἀριστεία.

219 2458 496 2559 Ἠὼςό’έκλε’
609 2486 652 2511 ”
732 2492 825 2552 ”To
886 2495 901 2510 '⁴

458 2511 533 2570 χιον
547 2511 609 2571 παρ
633 2513 745 2570 οιγαοον
789 2512 914 2552 ιονοιο

226 2576 347 2662 ὄρνυθ’,
361 2573 396 2641 ἵν’
411 2572 596 2641 ἀθανάτοισι
611 2572 694 2657 (γόοις
709 2578 795 2663 φέροι
808 2575 858 2658 η’δὲ
870 2583 1038 2662 βροτοῖσιν·

225 2665 302 2739 Ζεὺς
316 2664 460 2751 δ”Εριδα
474 2666 617 2751 προΐαλλε
630 2664 712 2739 θοὰς
726 2665 774 2732 ἐπὶ
788 2672 860 2749 νῆας
873 2664 1018 2751 Apataioi

225 2754 379 2839 ἀργαλέην,
392 2757 536 2838 πολέμοιο
550 2757 640 2842 τέρας
654 2754 729 2838 μετὰ
742 2753 842 2842 χερσὶν
856 2756 991 2840 ἔχουσαν.

194 2859 211 2912 5
226 2850 281 2927 στῆ
295 2843 323 2909 δ’
339 2845 385 2909 ἐπ’
398 2847 556 2927 Ὀδυσσῆος
567 2847 728 2930 μεγακήτεϊ
736 2846 788 2929 νηὶ·
795 2848 928 2933 μελαίνῃ,

223 2931 241 3017 ἦ
256 2936 282 3020 ῥ’
296 2935 327 2998 έν
339 2931 478 3018 μεσσάτῳ
493 2933 567 3009 ἔσκε,
581 2935 737 3019 γεγωνέμεν
751 2935 957 3020 ἀμφοτέρωσε,

223 3023 294 3107 ἠμὲν
308 3026 354 3089 ἐπ’
366 3023 506 3098 Αἴαντος
519 3026 637 3098 κλισίας
653 3022 900 3109 Τελαμωνιάδαο,

223 3117 274 3198 ἠδ’
288 3116 333 3180 ἐπ’
346 3111 518 3200 Ᾱγιλλῆος·
531 3115 583 3181 τοί
592 3117 618 3201 ῥ’
632 3113 746 3198 ἔσχατα
759 3119 832 3198 νῆας
847 3116 928 3188 ἐΐσας

225 3203 353 3292 εἴρυσαν,
367 3207 470 3296 ἠνορέῃ
484 3207 602 3272 πίσυνοι
616 3202 666 3271 καὶ
679 3207 787 3291 κάρτεϊ
795 3209 910 3292 χειρῶν.

175 3308 211 3364 10
226 3295 303 3363 ἔνθα
316 3299 403 3363 στᾶσ’
416 3295 488 3382 ἤϋσε
499 3294 560 3364 θεολ
573 3297 649 3382 μέγα
662 3323 696 3362 τε
709 3296 805 3363 δεινόν
817 3322 851 3360 το
