2406 3728
537 198 588 260 IX

101 363 137 421 fit
155 367 192 417 ut
210 331 430 416 confundantur
456 357 554 413 omnia
571 373 605 410 ao
618 357 867 430 permisceantur,
901 374 957 414 neo
971 355 1016 432 diff

106 459 222 538 stingui
234 475 310 532 quaa
324 455 440 513 diversa
453 441 524 511 sunt
535 456 659 530 possint.
674 456 760 522 Quod
773 458 1016 534 aplerisquenon
1031 457 1036 462 ’

107 561 177 617 satis
204 559 305 614 animo
329 555 462 631 reputari
485 552 627 610 ridemus.
664 553 750 612 Unde
765 565 795 612 et
810 557 842 613 in
855 575 1016 631 puerorum

103 658 295 715 institutione
320 656 446 711 multum
467 653 499 707 in
523 651 580 708 hoc
606 671 717 730 genere
729 665 883 727 peccatur,
920 665 950 711 ct
963 657 1015 730 qni

104 757 270 814 maturiore
282 762 379 809 aetate
393 753 450 826 ipsi
464 769 517 806 sua
529 751 630 807 studia
641 759 762 828 regunt,
776 770 862 827 saepe
876 771 933 828 quo
947 756 1013 828 plu·

106 873 141 912 ra
167 871 346 932 cognoscere
370 852 594 924 laboraverunt,
621 870 655 908 eo
675 851 815 927 pauciora
829 854 948 928 cognita
960 851 1012 908 ha-

102 952 175 1012 iere
187 947 384 1028 reperiuntur.
553 941 555 948 ’

190 1118 293 1176 Tertio
307 1115 435 1196 denique
449 1121 537 1177 etiarn
551 1119 714 1178 curandum
727 1129 789 1192 est,
816 1129 850 1176 ut
863 1127 1013 1194 repetatur

36 1248 38 1302 ζ
86 1269 88 1278 .
104 1219 203 1277 lectio.
243 1218 318 1278 Nam
337 1222 431 1295 prima
447 1222 578 1278 cuiusvis
592 1223 745 1295 scriptoris
758 1221 846 1275 lectio
859 1221 912 1275 vix
925 1221 1013 1274 aliam

105 1319 194 1376 habet
207 1321 380 1392 utilitatem,
400 1338 487 1394 quam
499 1329 534 1375 ut
548 1321 707 1396 imaginem
720 1320 847 1394 aliquam
859 1319 1011 1392 scriptoris

105 1420 207 1475 animo
221 1419 436 1493 concipiamus,
464 1437 525 1476 non
539 1428 573 1476 ut
587 1421 649 1475 eius
663 1420 818 1496 ingenium
829 1419 947 1494 penitus
960 1433 1011 1472 co-

103 1525 285 1598 gnosoatur:
323 1536 420 1594 neque
434 1521 532 1576 omnia
546 1537 621 1594 quae
634 1521 663 1575 ei
674 1520 793 1595 propria
807 1527 878 1574 sunt
890 1517 1012 1592 quibus·

102 1637 163 1696 que
176 1615 274 1675 differt
286 1617 322 1675 ab
336 1619 402 1675 aliis
416 1619 608 1694 scriptoribus
620 1620 747 1693 percipi,
769 1617 821 1672 sed
834 1617 934 1674 notari
945 1625 1013 1671 tan-

100 1727 168 1775 tum
195 1716 233 1774 ad
259 1735 334 1794 quae
360 1719 546 1794 potissimum
571 1717 723 1774 attendere
737 1715 893 1800 debeamus
906 1723 1013 1792 potest.

101 1819 239 1885 Quarum
250 1835 348 1884 rerum
363 1819 446 1894 eopia
459 1827 586 1895 augetur
599 1817 757 1894 repetenda
770 1817 914 1886 lectione,
939 1831 1013 1888 quo·
1061 1831 1065 1836 ·

101 1934 163 1991 que
177 1917 293 1990 saepius
308 1917 468 1990 repetitur,
482 1934 517 1972 eo
530 1917 625 1994 magis
639 1918 671 1972 in
684 1919 814 1973 animum
826 1915 947 1970 lectoris
961 1930 1012 1986 pe-

102 2023 207 2070 netrat
232 2014 383 2085 scriptoris
409 2016 574 2091 ingenium.
621 2012 655 2069 lu
679 2023 778 2070 autem
790 2023 825 2070 ut
837 2015 869 2068 in
882 2010 1012 2068 Homero

105 2117 328 2184 consequantur
353 2113 404 2188 qni
426 2112 596 2186 antiquitati
610 2110 774 2187 studiosus
787 2097 912 2183 dedunt,
951 2128 1014 2168 non

103 2205 203 2264 solum
225 2217 380 2284 propterea
400 2213 601 2267 necessarium
618 2216 679 2282 est,
719 2213 788 2287 quia
799 2229 889 2287 quum
903 2211 1014 2266 caeteri

101 2309 265 2382 scriptores
291 2327 391 2364 omncs
417 2309 482 2382 plus
495 2309 593 2366 minus
619 2328 657 2366 ex
669 2309 799 2367 Homero
813 2320 961 2386 tamquam
975 2325 1013 2376 ex

100 2406 255 2462 communi
268 2403 351 2462 fonte
364 2405 544 2480 hauserunt,
561 2417 625 2466 tum
636 2411 757 2488 linguae
770 2411 902 2468 Graecae
916 2411 1011 2467 omnis

96 2506 179 2561 ratio
196 2495 282 2578 quasi
293 2505 407 2562 radices
422 2525 490 2564 suas
504 2509 536 2564 in
549 2506 605 2565 hoc
618 2518 705 2586 poeta
717 2507 820 2582 habet,
847 2509 899 2566 sed
912 2511 1011 2580 etiam,

96 2603 184 2681 qnod
205 2621 349 2662 sunrmum
363 2614 426 2677 est,
452 2607 521 2682 quia
532 2626 585 2682 per
596 2605 685 2664 huius
698 2611 856 2666 lectionem
870 2609 1011 2685 simplici-

96 2705 158 2760 tati
185 2703 232 2758 illi
254 2701 471 2778 adsuescimus,
511 2724 586 2782 quae
610 2705 834 2767 frindamentum
859 2718 905 2766 cst
922 2725 1011 2767 verae

95 2809 320 2876 accurataequc
348 2804 498 2860 scientiae.
537 2804 626 2863 Nulla
652 2809 732 2866 enim
753 2810 786 2866 in
804 2827 838 2865 re
851 2809 968 2884 saepius
982 2819 1012 2866 ct

95 2903 228 2980 gravius
238 2902 400 2976 periclitari
409 2913 544 2962 veterum
553 2907 730 2982 scriptorum
738 2909 1012 2984 interpretationem

29 3053 32 3087 3
95 3001 255 3070 ridemus,
273 3018 360 3074 quarn
375 3001 452 3076 quod
465 3005 643 3080 simplicibus
656 3006 811 3082 impedita,
830 3008 925 3082 planis
939 3027 1012 3067 con·

29 3251 37 3289 l

97 3107 201 3166 torta,
227 3101 337 3172 apertis
358 3100 497 3175 obscura,
524 3107 603 3161 ultro
617 3123 649 3160 se
662 3103 852 3164 offerentibus
867 3111 1012 3184 quaesita,

98 3197 234 3273 propriis
253 3197 350 3254 aliena
362 3200 594 3274 praeferunturr·
620 3203 699 3279 quod
711 3205 782 3282 quid
794 3205 920 3280 deniqne
933 3203 1013 3260 aliud

29 3351 41 3391 ο
101 3303 168 3362 est,
199 3311 286 3368 quam
298 3291 370 3354 vera
381 3297 550 3373 posthaberi
561 3297 665 3359 ialsisi
696 3302 788 3378 quue
801 3321 955 3360 commune
968 3308 1014 3358 ert
1044 3375 1048 3381 ἱ
