2434 3748
348 257 616 320 ΙΛΙΑΛΟΣ
655 260 835 319 XVIII..
990 256 1056 362 366

169 395 268 468 αότως
281 394 423 479 ένδίεσαν,
436 395 547 508 ταχέας
559 395 650 468 κίνας
663 394 843 480 ὀτρύνοντες.

98 497 153 550 585
167 511 196 549 οι
189 484 271 549 ‘'¹'6
253 511 319 565 ητοι
332 485 492 549 δακέειν
458 511 510 596 μιν
523 487 743 569 ἀπετρωπῶντο
757 483 892 554 λεόντων,

170 574 319 656 ἱστάμενοι
332 572 363 638 δὲ
374 573 475 685 μάλ’
459 571 543 656 εχχὺς
556 573 740 648 ὑλάκτεον,”
723 599 754 636 εκ
768 599 786 637 τ
786 571 965 635 ’ἀλέοντο.”

211 665 259 728 Ἐν
272 661 303 727 δὲ
315 665 405 746 νομὸν
418 663 522 744 ποίησε
535 657 910 746 περικλυτὸςάμφιχυήεις,

167 751 198 816 έν
210 757 286 832 καλῇ
296 754 402 864 βήσση,
415 751 505 834 μέγαν
518 751 589 815 οίάν
602 751 776 836 ἀργεννάων,

167 841 323 951 στμθμοβς
336 867 368 905 τε
381 840 497 913 κλισίας
510 865 542 904 τε
555 840 741 924 κατηρεφέας
755 835 797 902 666
810 834 926 920 σηκοός.

97 939 153 994 590
208 929 258 994 Ἐν
270 928 301 994 δὲ
313 932 403 1046 χορόν
416 929 550 994 ποίκιλλε
539 923 940 1040 περικλυτὸςάμφιχυήεις,

167 1044 209 1098 τφ
195 1015 376 1093 ’ἴκελοα
344 1019 406 1083 οιόν
418 1019 483 1084 ποτ’
506 1019 548 1082 ι’νι
539 1015 723 1096 Κνωσῷ’
692 1018 794 1125 ευρείη

166 1106 351 1178 Δαίδαλος
333 1131 457 1189 ησκησεν
472 1106 704 1187 καλλιπλοκάμῳ
710 1101 857 1218 Ᾱριάδνη.

165 1195 242 1258 ἔνθα
254 1194 305 1284 μὲν
318 1197 414 1276 ἠΐθεοι
427 1223 477 1260 και
468 1193 639 1308 πμρθένοι
652 1194 841 1278 ἀλφεσίβοιαι

86 1292 91 1298 ’
166 1283 313 1394 ὠρχεῦντ’Ξ
327 1285 488 1365 ἀλλήλων’
473 1311 521 1350 επι
535 1289 640 1369 καρπῷ
652 1294 753 1369 χεῖρας
766 1284 890 1368 ἔχοντες.
976 1300 979 1308 ’

97 1380 151 1438 595
164 1377 224 1436 τῶν
238 1375 268 1436 δ’
281 1372 313 1436 αἱ
325 1371 377 1486 μὲν
389 1372 502 1446 λεπτὰς
515 1375 719 1456 ὀθόναςόχον,
738 1371 810 1438 οἶδὲ
822 1376 951 1456 χιτῶνας

166 1458 238 1526 εἵατ’
251 1463 441 1545 ἐϋννήτους,
426 1457 483 1528 666
497 1463 677 1578 στίλβοντας
689 1463 793 1543 ἐλαίῳ

166 1551 221 1616 καί
231 1551 262 1636 ῥ’
277 1552 310 1615 αἱ
322 1549 374 1634 μὲν
387 1509 483 1627 καλάς
496 1553 648 1666 στεφάνας
661 1553 737 1637 έχον,
751 1579 779 1618 οι
772 1551 824 1618 δὲ
836 1551 986 1636 μαχαίρας

166 1642 244 1724 εἶχον
256 1642 395 1725 χρυσείας
408 1643 469 1718 ε’ξ’
453 1642 602 1727 αρχυρέων
620 1643 803 1723 τελαμώνων.

167 1731 195 1792 οἱ
208 1730 236 1793 δ’
252 1729 301 1794 ὁτὲ
314 1730 366 1813 μὲν
378 1733 548 1814 θρέξασκον
562 1731 784 1811 ἐπισταμένοισι
798 1727 939 1792 πόδεσσιν

96 1828 152 1882 600
166 1819 231 1902 ῥεῖα
244 1819 322 1900 μάλ’,
336 1820 376 1892 ὡς
390 1815 439 1886 ὅτε
452 1845 498 1892 τις
511 1822 619 1902 τροχὸν
634 1816 758 1903 ἄρμενον
771 1819 801 1882 ἐν
814 1816 983 1899 παλάμῃσιν

165 1909 300 1988 ἑζόμενος
313 1935 344 1974 κε
364 1906 455 1992 αμεὺς
468 1911 648 1993 πειρήσεται,
662 1906 700 1971 αῖ
707 1933 739 1972 κε
751 1908 869 1989 θέῃσιν·

166 1994 273 2060 άλλοτε
287 2001 317 2062 δ’
331 2025 368 2063 αυ
381 1999 585 2112 θρεἘασκον’
570 2023 619 2062 επι
632 1998 737 2110 στίχας
751 1997 927 2076 ἀλλήλοισιν.

140 2087 279 2158 πολλὸς
292 2086 346 2152 δ’
336 2089 489 2173 ιμερόεντα
501 2089 592 2174 χορὸν
605 2086 775 2174 περιΐσταθ’
791 2082 904 2196 ὅμιλος,

165 2176 351 2259 τερπόμενοι·
365 2175 441 2260 μετά
453 2177 488 2242 δέ
498 2201 568 2259 σφιν
584 2178 725 2260 ἐμέλπετο
738 2186 825 2249 θεῖος
834 2166 950 2286 ἀοιδός,

95 2273 149 2328 605
163 2265 328 2348 φορμίζων·
343 2263 415 2331 δοιά
429 2266 461 2332 66
474 2271 667 2352 κυβιστητῆρε
680 2267 743 2330 κατ’
760 2265 880 2380 μάτοός,

164 2358 280 2434 μολπῆς
293 2351 479 2466 ἐξάρχοντος,
498 2355 627 2422 έδίνευον
640 2352 719 2420 κατδι
727 2356 866 2468 μέσσους.

208 2444 256 2505 Ἐν
271 2445 301 2504 δ’
315 2443 411 2550 ρ’τίθει
424 2457 574 2526 ποταμοῖο
587 2447 667 2528 μέγα
675 2445 785 2517 σθένος
798 2440 977 2516 Ὠκεανοῖο,

165 2528 277 2611 ἀντυχα
287 2527 351 2642 πάρ
364 2532 499 2614 πυμάτην
513 2531 620 2606 σάκεος
633 2531 714 2646 πόμα
728 2540 874 2614 ποιητοῖο.

207 2614 317 2703 Αάτάρ
331 2616 430 2702 ἐπειδὴ
442 2619 575 2710 τεῖξε’
538 2647 630 2695 σακος
642 2622 717 2703 μέγα
729 2648 762 2688 τε
774 2623 916 2706 στιβαρόν
929 2647 971 2696 τε,

94 2719 149 2774 610
163 2705 275 2786 τεῦξ’
254 2733 332 2821 αρα
327 2734 356 2772 οι
349 2704 506 2794 “θάρηκα,
520 2712 711 2796 φαεινότερον
719 2712 818 2796 πυρὸς
832 2711 936 2793 αιἠῆς·
1004 2769 1006 2773 .

89 2883 92 2890 ⁴
163 2801 245 2875 τεῦξε
259 2797 293 2862 δέ
303 2823 332 2862 οι
325 2797 462 2910 ’κόρυθα
467 2803 619 2912 βριαρήν,
627 2797 793 2883 κροτάφοις
805 2796 991 2911 ἀραρυῖαν,

60 2941 63 2946 .
162 2890 263 2970 καλήν,
277 2888 476 2971 δαιδαλέην·’
460 2915 510 2954 επι
500 2887 553 2956 δὲ
564 2883 687 2998 χράσεον
699 2883 822 3004 λόφον
805 2913 886 2971 ηκεν·

164 2981 246 3053 τεῦξε
259 2977 294 3042 δέ
303 3004 332 3043 οι
325 2978 515 3090 “κν,ημῖδας
499 2985 587 3044 εανοῖι
601 2980 969 3061 κασσιτέροιο..

207 3063 346 3174 Αβτάρ’
330 3093 393 3132 επει
384 3063 502 3132 πάνθ’
511 3065 648 3134 όπλα’
612 3094 687 3180 κμμε
699 3061 1010 3153 κλυτὸςίέμφιχυηεις,

96 3159 150 3215 615
162 3149 432 3268 μητρόςιδχιλλῆος
444 3162 521 3240 θῆκε
533 3155 774 3272 προπάροιθεν’
758 3156 870 3243 αείρας.
964 3219 967 3228 ,

125 3263 183 3321 η
173 3239 224 3303 δ
228 3239 351 3324 ,ίρηξ“
329 3271 379 3318 ως,
393 3237 469 3310 ἀλτο
483 3271 540 3311 κατ
541 3245 728 3328 Ὀὖλέμπου
741 3248 906 3328 νιφόεντος,

164 3324 270 3412 τείχεα
282 3333 490 3419 μαρμαίροντα
502 3361 564 3418 παρ
565 3336 770 3420 ’Ἡφαίστοιο
780 3337 922 3449 φέρουσα.

451 3442 697 3468 *ι
