2438 3744
182 207 249 272 276
498 199 872 270 ΙΛΙΑΔοΣ’Ξ’

255 339 377 424 Φάλκην
391 343 421 406 δ’
435 336 607 426 π’έέτέλοχος
619 334 669 406 uni
683 339 837 426 Μέρμερον
849 332 1029 424 έξενάριξεν·

251 432 404 518 Μηριόνης
416 432 447 497 δέ
459 433 564 518 Μόρον
576 457 608 496 τι
621 427 671 494 καὶ
680 430 861 496 Ἱπποτίωνα
874 431 1020 494 κατέκτα·

183 531 236 590 515
253 528 383 604 Τεῦκρος
393 519 426 586 di
438 517 613 606 Προθόωνά
624 522 651 584 τ’
664 521 788 604 ἐνήρατο
802 513 853 584 καὶ
864 521 1053 602 Περιφήτην·

249 606 400 696 Ᾱτρεέόης
413 614 443 675 δ’
457 609 502 694 ἄρ’
519 611 614 676 ἔπειθ’
624 609 819 694 Ὑπερήνορα,
832 609 960 688 ποιμένα
972 612 1064 683 λαῶν,

251 696 326 766 οὖτα
339 697 417 768 κατὰ
431 695 576 782 λαπάρην,
590 694 641 761 διά
654 699 684 761 δ’
697 698 801 784 έντιρα
813 693 926 780 χαλκός
939 695 1074 779 ἄφυσσεν

252 787 384 872 δράσας·
397 788 480 876 cpoli]
493 787 524 852 di
537 789 602 852 κατ’
616 787 779 870 οὐταμένην
792 786 913 868 ὠτειλήν

251 880 347 944 ἔσσυτ’
361 877 544 959 ἐπειγομένη·
558 878 611 940 τόν
622 875 655 943 δέ
668 877 776 948 σκότος
789 874 859 942 όσσι
872 872 1015 961 κάλυψεν,

181 979 236 1036 520
250 967 407 1038 πλείστους
421 968 451 1030 δ’
464 963 549 1040 Αἴας
560 965 644 1040 εἷλεν,
657 967 769 1048 Ὀϊλῆος
781 962 874 1048 ταχὺς
885 961 964 1039 οἰός·

252 1059 287 1122 oti
300 1055 354 1144 γάρ
369 1053 401 1120 oi
410 1081 456 1129 τις
469 1058 572 1137 ὁμοῖος
586 1056 769 1122 ἐπισπέσθαι
781 1052 870 1121 ποσὶν
883 1049 942 1137 ἦεν,

252 1150 366 1230 ἀνδρῶν
379 1143 576 1232 τρεσσάντων,
590 1143 640 1212 ότε
653 1173 685 1212 τι
697 1143 773 1218 Ζεὺς
786 1146 817 1210 έν
831 1145 926 1229 φόβον
940 1140 1021 1229 όρση.

249 1273 1147 1306 *mmmmm

434 1347 961 1487 ιΑιπαοΣ-ο.

304 1513 420 1580 Iuppiter
440 1529 601 1582 experrectus
618 1517 680 1582 pelli
699 1515 770 1564 ridet
785 1517 923 1578 Troianos,
943 1511 1047 1564 Achivis
1064 1529 1149 1578 opem

253 1581 349 1633 serente
363 1585 482 1648 Neptuno
493 1583 580 1649 (t-rr
589 1582 608 1647 i.
642 1584 729 1648 ltaque
740 1601 828 1650 aspere
840 1585 977 1650 increpitae
988 1583 1080 1632 Iunoni
1091 1584 1147 1630 im-

252 1664 336 1718 perat,
359 1665 387 1702 ut
402 1670 433 1701 ex
443 1651 557 1720 Olympo
574 1651 679 1703 advocet
694 1652 760 1702 Irim
775 1649 973 1718 etApollinem;
993 1651 1032 1699 his
1047 1667 1074 1698 se
1090 1651 1147 1698 mi-

185 1771 188 1777 ,
252 1722 338 1770 nistris
353 1738 460 1770 usurum
474 1721 507 1774 ad
522 1723 645 1772 Troianas
659 1723 725 1771 vires
745 1721 925 1784 restituendam
946 1721 1023 1770 simul
1038 1734 1148 1766 omnem

252 1789 365 1838 latorum
380 1791 475 1837 seriem
488 1806 568 1854 usque
584 1790 617 1838 sd
633 1787 762 1840 excidium
776 1791 847 1840 urbis
866 1789 991 1856 praedicit
1012 1785 1147 1850 (sa-77).

252 1856 293 1905 Ex
303 1855 414 1916 Iunone,
434 1859 461 1906 in
472 1857 582 1906 deorum
590 1858 680 1908 sedem
690 1876 797 1920 reversa,
808 1860 878 1909 Mers
889 1857 958 1910 audit
968 1855 999 1906 de
1010 1853 1087 1903 caede
1098 1853 1147 1901 lilii

252 1925 303 1986 sui,
318 1921 466 1990 Ascalapbi,
487 1938 512 1976 et
521 1929 606 1976 statim
615 1927 783 1977 ad'tdtionem
794 1928 945 1989 exardescit3
965 1925 1080 1973 furorem
1090 1922 1146 1970 eius

252 1995 371 2058 reprimit
386 1993 501 2044 Minerva
518 1991 587 2059 (78-
596 1994 669 2058 142).
701 1993 796 2062 Apollo
813 2009 838 2046 et
847 1998 895 2047 lris
908 1994 1045 2046 deveniunt
1058 1989 1092 2037 nd
1102 1989 1148 2038 Io·

252 2078 319 2122 vem,
330 2065 400 2114 cuius
409 2066 490 2114 missu
500 2064 563 2112 haec
569 2065 717 2130 Neptuntun
726 2067 861 2115 minaciter
871 2063 1045 2120 conterritum,
1056 2075 1148 2122 quam·

252 2131 289 2178 vis
300 2133 482 2191 reluctantem,
493 2133 573 2193 cogit,
587 2145 616 2182 ut
625 2134 694 2180 bello
706 2133 809 2182 desistat
819 2129 977 2196 (143-219);
996 2125 1093 2193 Apollo
1104 2144 1148 2174 sa-

252 2208 341 2244 natum
350 2199 489 2246 Hectorem
504 2197 589 2258 erigit,
609 2215 689 2261 eoque
706 2201 733 2245 in
748 2214 861 2264 pugnam
876 2197 994 2250 reducto,
1014 2197 1148 2243 sommam

253 2260 559 2314 Troianormn‘insuurat
569 2260 733 2327 (mo-280).
760 2265 855 2312 Hector
865 2259 1017 2310 fortissimos
1028 2258 1147 2321 Achivo-

253 2347 312 2381 rum
322 2330 436 2392 adortus,
456 2331 604 2380 imbellibus
619 2329 652 2378 ad
665 2344 741 2378 nares
756 2328 898 2392 degressis,
918 2329 1013 2394 partim
1026 2331 1162 2388 trucidata

252 2399 389 2466 partimin
406 2397 494 2464 lugam
508 2397 594 2456 vertit,
616 2408 752 2462 praeeunte
768 2397 831 2460 deo,
852 2399 895 2470 qui
910 2409 1040 2447 commota
1054 2399 1145 2462 aegide

252 2465 356 2519 Achivis
366 2484 488 2536 pavorem
502 2465 603 2522 incutit,
624 2460 742 2516 Troianis
753 2480 849 2528 nutem,
870 2467 955 2518 deleto
970 2483 1059 2526 muro,
1075 2468 1146 2515 viam

253 2540 338 2588 munit
353 2539 385 2587 ad
400 2539 507 2586 classem
522 2533 719 2586 exscIndendam
735 2531 897 2603 (281-389).
931 2535 970 2586 Ea
983 2551 1011 2584 re
1026 2533 1147 2584 ursimad-

255 2623 333 2664 versa,
344 2606 473 2656 Patroclus
484 2606 515 2655 ab
520 2605 652 2670 Eurypylo
663 2606 730 2656 redit
739 2607 771 2657 ad
777 2603 911 2664 Achillem,
922 2616 951 2654 nt
960 2619 1020 2652 eum
1029 2615 1151 2656 extremo,

255 2673 399 2723 discrimini
414 2677 591 2724 auxiliatorem
606 2687 695 2724 exoret
706 2671 863 2740 (590-404).
897 2672 1005 2722 Interim
1019 2673 1144 2720 acerrime

255 2756 303 2806 pro
313 2743 418 2790 navibus
428 2755 591 2808 propugnant
600 2739 705 2800 Achivi,
725 2741 840 2803 pluribus
856 2739 887 2786 ab
903 2752 1008 2801 utraque
1018 2752 1088 2801 parte
1100 2755 1145 2787 ca·

255 2807 373 2856 dentibus
383 2807 468 2872 (405-
477 2808 556 2874 590):
584 2809 688 2856 tandem
698 2808 749 2864 illi,
760 2823 807 2854 nec
818 2805 932 2870 dispersI,
944 2802 1067 2855 recedunt
1079 2809 1145 2855 intra

256 2873 358 2924 ordines
368 2875 479 2933 narium,
490 2893 504 2922 a
512 2875 602 2937 quibus
607 2871 672 2923 Aiax
677 2875 842 2923 Telamonius
849 2885 924 2920 conto
935 2884 1045 2922 armatus
1056 2876 1143 2938 iguem

256 2939 376 3074 defepdit,
388 2959 437 3008 quo
451 2943 504 3075 ipro
512 2943 608 2992 Hector
617 2957 710 2993 narem
719 2941 852 2992 Protesilai
862 2957 889 2992 se
900 2953 1047 2994 exustorum
1056 2943 1144 2993 mina-

197 3068 205 3082 .
256 3023 298 3062 mr
329 3009 453 3079 591¹·746
469 3041 478 3060 e

280 3125 293 3156 ³
381 3095 611 3186 Παλίωξις
634 3087 757 3196 παρὰ
783 3098 869 3172 τῶν
893 3095 1012 3170 νεῶν.

257 3193 378 3302 Aricino
392 3212 454 3282 irtel
468 3211 518 3282 διά
531 3243 563 3282 τε
577 3199 795 3290 σκόλοπας-παῖ
807 3211 925 3302 τάφρον
938 3213 1047 3300 ἔβησαν

259 3307 426 3392 φεύγοντες,
439 3305 548 3375 πολλοὶ
561 3307 592 3375 δέ
606 3305 697 3394 δάμεν
709 3311 840 3378 Δαναόν
851 3301 910 3374 ὑπὸ
922 3303 1030 3390 χερσίν,
