2406 3728
139 211 1013 252 ---—--*=----

95 3020 112 3073 i

129 1214 147 1262 ,

285 453 838 558 ιΛιΑΔοΣΑ.

180 789 295 852 Rogatus·
305 786 336 836 ab
346 787 418 836 initio
430 785 501 835 Musa
509 819 516 845 ,
525 797 554 834 ut
563 798 667 835 cantum
675 787 814 852 praecipiat
826 785 857 835 de
869 785 981 838 cladihut
992 785 1026 838 ad

129 856 224 915 Ilium,
242 855 349 904 Achillis
366 856 432 902 iram
447 855 607 917 consequutis
624 854 710 916 (1-7).
739 856 816 905 Venit
832 855 859 902 in
874 857 1025 905 concionem

129 921 289 974 Achivorum
300 923 421 988 Chryses,
432 921 548 970 sacerdos
559 919 694 986 Apollinis,
703 924 784 972 filiam
793 940 865 972 stram
875 921 1026 988 redemptu-

130 1010 187 1054 rus,
202 993 273 1041 hello
284 1007 366 1056 nuper
378 1002 489 1054 captam,
506 1002 531 1038 et
541 990 646 1037 honoris
657 1007 729 1039 causa
739 991 824 1038 datam
834 988 1025 1054 Agamemnoni

129 1057 236 1122 (8-21).
269 1061 319 1109 ltto
335 1075 396 1106 cum
410 1058 552 1120 ignominia
566 1059 683 1123 repulso,
704 1059 830 1108 funestam
843 1060 915 1108 luem
928 1055 1024 1124 Ap’ollo

129 1138 178 1195 pet
193 1130 333 1176 exercitum
348 1127 445 1190 spargit
460 1123 580 1189 (aa-52).
609 1125 692 1174 Habet
706 1128 858 1175 concionem
867 1123 980 1177 Achillea
991 1128 1025 1177 oh

147 1195 283 1244 lacandum
299 1195 390 1250 demn,
411 1195 438 1240 in
449 1211 497 1257 qua
507 1191 613 1242 Calchas
628 1206 696 1242 vates
707 1197 848 1244 calamitate
860 1211 904 1243 eos
913 1197 1026 1245 levatum

130 1265 163 1314 iri
178 1263 323 1312 reducenda
334 1261 473 1326 Chryseide
485 1273 581 1320 censet,
602 1274 702 1310 arictore
714 1263 841 1326 imprimis
850 1259 951 1312 Achille
963 1263 1026 1326 (53-

133 1330 200 1394 129).
214 1331 254 1380 lta
262 1332 372 1380 irritatus
381 1328 546 1392 Agamemno
558 1330 651 1378 atrocia
662 1331 744 1393 iurgia
753 1332 831 1380 nectit
842 1345 901 1380 cum
910 1328 1025 1392 Achille,

132 1411 158 1447 et
168 1399 278 1464 Chrysae
294 1397 400 1461 quidem
415 1398 495 1444 filiam
509 1395 617 1446 reddere
632 1414 685 1446 non
701 1410 809 1458 recusat,
830 1398 874 1446 sed
885 1399 934 1459 illi,
956 1399 1026 1464 quod

128 1469 275 1534 praemium
290 1466 387 1520 virm-tis
403 1466 534 1533 retulerat,
553 1463 695 1514 Briseidem
712 1467 798 1530 eripit,
818 1468 932 1530 quamvis
949 1467 1026 1516 obni-

130 1548 198 1584 tente
210 1535 317 1584 Nestore
328 1531 459 1598 (roo-511
473 1544 498 1580 et
507 1531 651 1598 318-547).
679 1534 733 1582 Hac
744 1535 859 1582 incensus
870 1535 963 1584 iniuria
974 1547 1025 1584 sta-

129 1605 177 1653 tuit
193 1619 251 1652 acer
264 1603 362 1652 iuvenis
377 1619 403 1650 se
420 1617 480 1650 cum
489 1599 697 1666 Myrmidonibus
711 1603 796 1652 abelli
807 1603 926 1652 societate
937 1605 1025 1651 seiun-

131 1688 203 1736 gere:
224 1671 293 1734 quod
302 1670 464 1734 propositum
474 1688 488 1718 a
498 1682 579 1720 matre
591 1670 644 1718 eius
655 1669 764 1718 Thetide
776 1671 950 1730 confirmatur,
961 1687 1024 1734 quac

131 1753 156 1788 et
174 1739 325 1804 supplicanti
340 1738 466 1786 ultionem
480 1737 607 1802 promittit
623 1737 777 1803 (348-427).
806 1735 906 1786 interea
922 1739 1025 1804 publice

130 1809 250 1858 lustratur
270 1807 414 1864 exercitus,
434 1817 459 1854 et
477 1823 547 1856 sacra
566 1807 630 1854 fiunt
647 1803 764 1870 Apollini
785 1803 944 1870 (312-517l2
969 1819 1025 1856 tum

131 1874 250 1940 Chryseis
261 1875 370 1922 domum
379 1871 508 1924 reducitur
518 1891 567 1921 una
577 1891 637 1923 cum
647 1875 735 1923 hostiis
746 1874 922 1938 piacularibus,
934 1875 1025 1936 quibua

130 1943 245 1993 mactatis
266 1943 348 1990 scelus
367 1941 482 2004 expiatur
502 1939 655 2006 (428-487l·
685 1941 790 1990 Thetidi
809 1941 862 1988 iam
881 1939 1026 2004 Olympum

132 2093 189 2134 nos,
199 2076 282 2124 donec
291 2074 384 2124 Achilli
395 2077 425 2124 ab
436 2076 540 2124 Achivis
550 2077 705 2124 satisfactum
715 2075 791 2122 fuerit
801 2071 955 2136 (488-533).
979 2075 1025 2125 Iu-

131 2161 240 2204 nonem,
259 2145 377 2192 infestam
387 2144 517 2203 Troianis,
538 2153 655 2206 pungunt
669 2144 731 2192 haec
742 2141 896 2192 clandestina
907 2142 1024 2205 consilia;

130 2213 192 2264 inde
205 2213 301 2261 rixatur
312 2227 370 2260 cum
380 2211 441 2260 Iove
452 2229 529 2276 super
540 2227 647 2258 coenam
658 2208 812 2276 (554-567)·
840 2208 879 2258 Ea
888 2228 915 2259 re
927 2213 1024 2260 contri-

130 2291 209 2330 statur
219 2282 303 2328 omnis
314 2296 444 2328 consessus
454 2280 575 2342 deorum,
591 2295 654 2345 quos
663 2278 768 2329 tandem
778 2277 811 2327 ad
819 2277 972 2330 hilaritatem
980 2295 1024 2328 rc-

129 2360 204 2399 vocat
212 2349 341 2400 Vulcanus
352 2343 506 2414 (568-611).

344 2493 566 2593 Λοιμός.
617 2503 810 2597 Μηνις,

135 2632 259 2734 Mimo
271 2648 359 2726 ἄειδε,
371 2646 633 2733 θεοίτΠηληϊοίδεα
645 2644 791 2732 Ἀχιλῆος,

129 2742 298 2824 οὐλομένην,
311 2737 328 2823 ἢ
342 2740 426 2824 μυρί’
438 2736 569 2823 Ᾱχαιοῖς
582 2738 661 2822 ἄλγε’
675 2739 791 2820 ἔθηκεν,

127 2827 247 2904 πολλὰς
259 2833 285 2894 δ’
300 2830 446 2912 ἰφθίμους
458 2825 560 2914 ψυχὰς
571 2825 648 2894 Atti
661 2827 812 2914 προΐαψεν
866 2885 873 2902 ,

128 2919 242 3004 ἡρώων,
255 2915 367 2992 αὐτοὺς
379 2917 410 2984 δὲ
423 2916 534 3002 ἑλώρια
546 2923 629 3002 τεῦχε
642 2917 775 2982 κύνεσσιν

128 3009 261 3085 οἰωνοῖσί
270 3034 303 3074 τε
315 3013 424 3074 πᾶσι-
435 3008 511 3080 Διὸς
524 3009 549 3071 δ’
562 3007 705 3072 ἐτελείετο
719 3007 814 3091 βουλή
824 3041 847 3055 -

129 3099 162 3176 ἐξ
175 3091 210 3163 oti
224 3099 259 3180 δὴ
272 3102 419 3182 ταπρῶτα
432 3099 592 3180 διαστήτην
605 3095 739 3180 ἐρίσαντε
788 3093 791 3102 ’

129 3185 281 3271 Α’ίτρείόης
293 3213 335 3261 τε,
350 3185 426 3264 ἄναξ
440 3187 563 3270 ἀνδρῶν,
577 3181 627 3250 καὶ
641 3193 704 3258 δῖος
715 3180 876 3270 Ᾱχιλλοίς.

177 3276 234 3349 Τίς
246 3276 270 3342 τ’
286 3275 325 3362 ἄρ
337 3301 421 3358 σφωε
434 3281 514 3342 θεῶν
527 3273 600 3361 ἔριδι
613 3276 731 3358 ξυνέηκε
744 3277 914 3359 μάχεσθαι
928 3308 932 3312 ·

201 3368 276 3422 Ilias.
764 3371 787 3420 A

132 2009 235 2059 adeunti
244 2009 360 2074 Iuppiter
370 2011 466 2057 occulte
478 2009 576 2067 annuit,
593 2010 702 2056 victores
713 2009 739 2055 in
749 2009 855 2072 proeliis
866 2007 921 2055 fore
933 2009 1025 2056 Troia·
1103 2031 1106 2036 ·
1148 2075 1150 2082 Ι
