2422 3736
171 187 216 247 98
399 195 402 200 '
471 184 767 250 ,ΙΛΙΑΛΟΣ
792 189 830 246 Ε.

233 321 273 388 ’ἐκ
284 324 389 406 χειρῶν
402 318 501 403 ήίξαν·
516 321 532 386 6
545 318 598 404 μὲν
610 314 700 406 βάλεν
713 322 822 433 αὐχένα
834 321 943 405 μέσσον

239 410 420 496 Σαρπηδών,
434 407 523 495 αι’χμή
537 410 568 477 δέ
582 409 746 496 διαμπέρές
753 407 823 493 ἦλθ’
838 411 985 496 ἀλεγεινή·

238 498 292 566 τόν
306 499 337 566 δὲ
350 527 407 566 κατ
407 503 598 614 ’ὀφθαλμοῖν
611 498 743 585 ἐρεβεννή
756 498 809 578 νὺξ
822 502 979 615 ε’κάλρφεν.
1036 567 1039 572 ,

110 647 111 654 ,
170 601 224 658 660
240 590 433 674 Τληπόλεμος
447 589 507 656 δ”
486 618 546 676 αρα
546 587 664 702 μηρὸν
665 589 821 702 οἰριστερόγ
835 589 913 676 ἐγχεῖ
921 595 1057 678 μακρῷ

238 678 406 766 βεβλήκειν·
421 681 510 765 αἰχμή
525 681 554 748 δὲ
569 681 704 752 διέσσυτο
717 680 892 794 μαιμώωσα,

142 819 156 836 .
239 773 334 853 ὀστέῳ
348 772 581 884 ἐγχριμφθεῖφα,
587 768 686 854 πατήρ
701 770 757 834 δ”
740 797 783 836 ετι
796 767 930 855 λοιγόν
910 797 1025 854 αμυνεν.

287 835 326 926 06
335 857 387 942 μὲν
400 858 447 944 ἄρ’
462 859 604 925 άντίθεον
617 861 803 946 Σαρπηδόνα
817 862 903 926 6666‘
888 871 1003 944 οταῖροι

239 949 378 1034 ἐξέφερον
391 950 549 1032 πολέμοιο·
563 947 671 1036 βάρυνε
685 952 778 1033 δέμον
791 951 863 1034 δόρυ
875 949 990 1035 μακρόν
1075 1008 1078 1014 .
1121 987 1124 996 =

168 1049 221 1106 665
236 1037 406 1121 ἑλκόμενον·
420 1037 455 1104 τό
468 1038 520 1122 μὲν
533 1039 615 1114 οότις
628 1038 821 1126 ἐπεφράσατ’,
832 1041 897 1106 ὀὀδ’
911 1041 1038 1122 ἐνόησεν,

147 1206 152 1224 ,
236 1153 331 1214 μηρου
318 1128 480 1215 εξερυσαι
494 1126 565 1216 δορυ
577 1131 748 1212 μειλινον
731 1156 790 1243 ρφρ
792 1130 943 1216 ’ἐπιβαίη
1012 1198 1014 1204 ,
1050 1175 1052 1182 ·

239 1220 442 1292 σπευδόντων·
455 1230 539 1284 τοῖον
552 1217 607 1304 γὰρ
621 1219 688 1313 ἔχον
700 1220 794 1286 πόνον
807 1222 1015 1330 ἀμφιέποντες.

286 1311 481 1393 Τληπόλεμον
494 1312 522 1377 δ’
534 1311 682 1422 ἑτέρωθεν
695 1309 864 1394 ἐϋκνήμιδες
876 1306 993 1394 Ἀχαιοὶ

239 1399 379 1484 ἐξέφερον
391 1399 549 1480 πολέμοιο·
554 1401 651 1483 νόησε
665 1399 696 1465 δέ
710 1409 773 1474 δῖος
786 1402 948 1476 Ὀδυσσεύς,

169 1501 224 1556 670
237 1486 369 1571 τλήμονα
382 1485 511 1567 θομόν”
494 1514 581 1570 εχων
594 1489 721 1570 μαίμησε
735 1491 769 1554 δέ
773 1517 808 1562 66
801 1486 941 1600 φίλρν
925 1517 1051 1602 ητορ·

237 1575 393 1664 μερμήριξε
407 1575 462 1641 δ”Ι
446 1603 548 1641 επειτα
561 1575 640 1642 κατόι
654 1579 748 1658 φρένα
760 1575 810 1651 καὶ
824 1577 902 1642 κατὰ
914 1580 1029 1660 θυμόν,

237 1667 256 1781 6
270 1669 406 1779 προτέρω
419 1663 547 1739 Διός“
507 1693 571 1731 υιον
585 1667 772 1780 ἐριγδοόπριο
786 1661 898 1742 διώκοι,

238 1755 257 1842 6
271 1755 319 1842 όγε
332 1763 393 1822 τῶν
405 1754 537 1822 πλεόνων
549 1757 703 1840 Λυκίων’
684 1753 744 1822 απὸ
757 1749 866 1841 ,θυμόν
870 1757 978 1824 ἕλοιτο.

187 1923 192 1931 ,
239 1847 337 1914 οὐδ”
316 1877 355 1935 αρ
356 1850 514 1961 ’Ὀδγσσήΐ
522 1847 750 1963 μεγαλήτορι’
712 1873 857 1934 μορσιμον
870 1843 929 1931 ήεν,

169 1949 224 2008 675
239 1938 366 2024 ίφθιμον
380 1937 496 2012 Διὸς
467 1935 719 2025 υιὸναποκτάμεν
732 1940 796 2017 ὀξει
803 1943 921 2023 χαλκῷῖ
1043 2005 1046 2012 ,

238 2037 282 2114 τῷ
296 2031 335 2116 ῥα
348 2029 428 2096 κατὰ
441 2026 561 2113 πληθὺν
573 2027 803 2116 Λυκίωντράπε
814 2025 914 2113 θυμόν
926 2025 1048 2111 Ᾰθήνη.

239 2119 303 2184 ἐνθ’
318 2119 366 2203 ὅγε
378 2119 533 2203 Κοίρανον
546 2121 628 2194 εἷλεν,
641 2116 813 2204 Ᾰλάστορά
826 2147 858 2186 τε
871 2119 1009 2231 Χρομίον
1023 2143 1066 2192 τε,

237 2206 420 2321 Αλκανδρόν
433 2211 466 2272 θ’
475 2205 581 2274 Αλιόν
594 2235 635 2284 τε,
649 2207 796 2292 Νοήμονά
809 2236 841 2274 τε
844 2207 1006 2320 Πρύτανίν
1013 2233 1066 2272 τε·

238 2296 293 2362 καί
301 2295 349 2410 γό
350 2299 376 2360 κ’
389 2296 433 2361 ἔτι
446 2299 575 2372 πλέονας
587 2299 708 2363 Λυκίων
721 2297 810 2368 κτάνε
823 2306 887 2371 δῖος
897 2297 1063 2372 Ὀδυσσεύς,

169 2401 224 2456 680
238 2388 266 2454 εί
276 2384 315 2470 μή
328 2385 366 2472 άρ
368 2383 489 2463 ’ὀξὺ’
456 2413 543 2470 νοησε
555 2389 645 2488 μέγας
658 2388 863 2475 κορυθαίολος
872 2387 996 2474 Εκτωρ.

238 2478 276 2563 βῆ
290 2476 321 2542 δὲ
335 2473 386 2542 διὰ
399 2475 571 2563 προμάχων,
586 2482 804 2592 κεκορυθμένος
818 2479 929 2592 αίθοπι
940 2481 1054 2563 χαλκῷ,
1108 2531 1111 2538 ,

240 2575 325 2651 δεῖμα
339 2591 437 2652 φιρων
450 2574 612 2634 Δαναοισι
626 2567 778 2655 16666’-''
746 2597 818 2650 οιρα
832 2597 860 2635 οι
867 2595 1038 2679 προςιοντι
1080 2583 1094 2594 “

237 2655 419 2771 Σαρπηδόογ,
432 2655 550 2732 Διὸς
520 2660 593 2734 υιός,
608 2659 717 2732 έποςδ
732 2652 928 2740 ὀλοφυδνὸν
911 2684 1041 2723 εειπεν’

283 2747 445 2830 Πριαμίδη,
458 2746 497 2828 μή
511 2747 546 2830 δή
559 2775 594 2830 με
608 2749 683 2830 έλωρ
696 2747 892 2856 Δαναοῖσιγ,’
877 2743 968 2832 εάσης

170 2845 225 2904 686
239 2845 370 2910 κεῖσθαι,
384 2837 449 2898 ἀλλ’
463 2834 628 2918 6666666666!
641 2832 744 2904 ἔπειτά
755 2861 790 2916 με
803 2861 854 2898 και
845 2831 950 2898 λίποι
964 2831 1040 2898 αι’ὠν

239 2924 521 3012 ἐνπόλειὺμετέρη·
536 2921 734 3009 έπεὶοόκάρ
720 2922 963 3007 ’έμελλονέγωγε
1199 2973 1203 3028 χ

229 3015 389 3131 νρστήσας
403 3013 527 3090 οἶκόνδε,
542 3013 661 3096 φίλην’
646 3040 676 3086 ες
677 3013 823 3098 πατρίδα
835 3023 933 3097 γαῖαν,
1202 3029 1203 3034 ’

238 3106 411 3220 εὐφρανέειν
424 3101 535 3218 άλοχόν
548 3132 580 3171 τε
594 3105 682 3219 φίλην
696 3099 746 3170 καὶ
759 3101 864 3187 νήπιον
876 3103 950 3168 ὐἱόν

278 3195 346 3272 Ὦς
349 3196 446 3279 φάτο·
465 3195 519 3263 τὸν
533 3199 559 3262 δ’
573 3194 640 3262 οότι
652 3195 786 3284 προςέφη
799 3191 1026 3281 κορυθαίολος
1021 3204 1141 3292 Εκτωρ,

149 3277 153 3286 ¹
169 3302 225 3358 690
239 3285 320 3357 ἀλλὰ
332 3289 484 3376 παρήϊξεν,
498 3287 708 3375 λελιημέοός,”
690 3299 782 3376 οφροιΙ
785 3287 933 3430 τάχιστα
