2406 3728
553 221 718 330 Ji-

181 396 279 454 nuno,
304 396 342 436 ex
353 395 411 456 quo
424 379 536 438 maiore
550 375 677 455 quodam
690 374 789 434 studio
802 373 957 456 tragoedia
970 383 1093 438 tractari

184 490 286 557 coepta
300 489 361 552 est,
388 481 533 558 minorem
545 477 676 537 Homero
691 495 793 535 curam
812 477 942 554 impendi
958 479 1090 536 animad-

118 572 121 576 ’
163 591 167 600 ‘
179 583 337 639 vertimus:
364 597 425 636 non
438 588 536 652 recte,
555 588 600 650 et,
619 580 646 635 si
659 577 730 654 quid
741 577 846 650 video,
861 587 895 634 ut
908 596 946 634 nc
958 580 1089 656 tragico-

179 694 247 738 rum
260 677 378 754 quidem
392 662 525 754 cognitio
539 671 672 748 tantum,
700 685 844 753 quantum
855 678 942 734 aliter
954 675 1090 735 habitura

184 788 278 850 esset,
297 777 375 834 lueri
388 792 423 832 ea
435 793 469 832 re
483 776 587 851 capiat.

263 941 320 1002 Est
332 940 482 1000 Homerus
497 942 681 1000 Graecorum
694 943 873 1023 scriptorum
886 923 978 1004 multo
998 953 1028 1001 et
1046 945 1091 1001 fa-

182 1045 309 1102 cillimus
324 1051 354 1098 et
367 1041 571 1102 difficillimus:
599 1038 758 1103 facillimus
779 1045 921 1104 delectari
946 1046 1091 1122 cupienti-

180 1145 251 1216 bus3
282 1141 470 1202 difficillimus
496 1144 716 1220 inquirentibus
733 1147 781 1203 vel
797 1147 830 1202 in
844 1145 1003 1202 dictionem
1016 1145 1092 1214 eius,

163 1245 230 1338 ‘vel
243 1244 275 1300 in
288 1260 337 1300 res
351 1261 425 1318 quas
441 1253 664 1318 commemorat,
677 1248 727 1304 vel
738 1247 770 1302 in
785 1247 949 1332 carminum
962 1245 1093 1320 ipsorum

182 1345 330 1422 originem
342 1352 372 1399 et
386 1345 637 1419 compositionem.
676 1343 746 1418 Illa,
775 1347 882 1422 quibus
896 1343 1023 1401 difficilis
1037 1352 1093 1416 est,

180 1461 262 1504 nunc
273 1443 398 1514 mittam,
413 1441 567 1515 dicamque
579 1449 696 1497 tantum
709 1441 745 1496 de
758 1444 795 1498 iis
811 1461 886 1518 quae
899 1443 999 1500 facilia
1013 1450 1091 1498 suut.

75 1597 76 1600 ,
180 1540 264 1600 Haeo
291 1541 370 1596 enim
395 1547 464 1596 ante
478 1547 548 1595 sunt
562 1539 784 1617 cognoscenda,
812 1559 900 1615 quam
912 1540 1012 1596 odilla
1027 1541 1093 1613 quis

179 1643 275 1718 possit
287 1637 441 1698 accedere:
461 1639 688 1714 fallereturque,
702 1641 754 1716 qui
766 1647 884 1714 putaret
897 1639 1016 1696 initium
1027 1637 1094 1694 lieri

108 1809 113 1814 Ι
179 1755 267 1813 posse
291 1737 527 1816 pervestigandis
553 1739 613 1795 illis
640 1728 816 1813 difficilibus.
860 1738 937 1800 Nam
954 1747 1024 1795 sunt
1043 1739 1094 1794 illa

179 1837 337 1894 maximam
349 1847 462 1912 partem
471 1841 514 1897 ita
527 1849 704 1916 comparata,
719 1851 753 1898 ut
766 1861 805 1899 ne
817 1839 1013 1898 animadverti
1025 1839 1092 1913 qui·
1167 1859 1171 1862 ·

180 1935 247 1995 (lem
272 1931 427 1994 difficultis
453 1941 566 2014 possit,
592 1942 653 1999 nisi
672 1960 785 2022 summa
803 1941 1004 1998 familiaritate
1027 1957 1094 1994 cum
1165 1943 1171 1958 ¹

179 2035 226 2093 his
254 2038 432 2094 carminibus
460 2047 623 2103 contracta.
663 2044 746 2108 Quae
769 2043 954 2103 familiaritas
972 2045 1093 2112 paratur

180 2143 262 2190 recte
274 2129 412 2206 legendo.
443 2129 500 2184 Est
514 2139 613 2184 autem
624 2139 706 2184 recte
717 2133 818 2208 legere
832 2137 1037 2208 scriptoremq
1051 2137 1093 2189 ita
1177 2155 1179 2158 ’

180 2233 298 2307 legere,
325 2236 360 2282 nt
380 2245 448 2283 eum
461 2229 504 2282 sic
518 2215 735 2303 intelligamus,
761 2231 807 2284 uti
821 2231 883 2302 ipsc
897 2233 1026 2308 intelligi
1040 2250 1092 2288 vo·

180 2331 247 2388 luit.
265 2327 356 2403 Atqui
368 2333 456 2402 poeta
469 2326 570 2401 cpious
585 2323 732 2388 delectare
744 2327 810 2384 vult
823 2328 980 2385 narrando.
1000 2328 1091 2405 idque

179 2427 330 2490 Homerus
343 2427 386 2483 ita
398 2425 481 2497 facit,
496 2433 530 2482 ut
543 2443 598 2482 nec
610 2442 686 2501 quae
696 2435 798 2483 narrat
811 2427 938 2485 obscura
952 2429 1023 2500 sint,
1037 2447 1092 2486 nec

181 2529 312 2586 dictione
326 2533 429 2585 utatur
440 2524 589 2600 impedito.
607 2523 712 2584 Refert
725 2527 804 2584 enim
815 2529 864 2585 vel
877 2528 1003 2604 sibiipsi
1016 2531 1092 2600 visa,

179 2632 229 2690 vel
249 2629 285 2686 olo
305 2629 372 2684 aliis
380 2610 523 2701 ἀπορία,
546 2627 596 2685 vel
607 2629 698 2705 vulgo
712 2625 840 2699 credita,
866 2647 959 2704 eaque
972 2631 1032 2702 sic,
1059 2640 1094 2687 ut

180 2733 279 2806 ipsum
303 2729 341 2784 iis
366 2724 455 2784 fidem
470 2724 578 2784 habere
597 2736 704 2804 potest.
744 2725 873 2784 Dicendi
885 2746 981 2806 genus
994 2739 1093 2788 autem

182 2849 241 2907 quo
254 2829 362 2898 utitur,
375 2825 418 2880 ito
430 2827 552 2901 planum
566 2835 596 2882 et
608 2828 733 2902 simplex
746 2827 802 2900 e'st,
815 2835 850 2884 ut
862 2845 959 2903 neque
973 2829 1005 2884 in
1019 2847 1091 2884 con-

182 2929 347 2987 structione
359 2925 528 2998 verborum,
542 2944 639 3002 nequo
652 2928 685 2984 in
698 2929 855 2986 sententiis
868 2926 1027 3006 quidquam
1041 2927 1091 2998 sit,

79 3057 85 3064 ·
182 3024 262 3104 quod
271 3026 382 3084 morari
394 3027 538 3088 lectorem
550 3027 655 3104 possit,
669 3028 729 3085 nisi
742 3028 821 3086 forte
832 3029 882 3086 rel
895 3025 1090 3104 significatio-

182 3120 410 3202 nesyerborum
423 3125 632 3203 quorumdam,
643 3125 693 3184 rel
705 3136 870 3204 temporum
879 3125 1092 3200 modorumque

182 3227 277 3298 ratio,
302 3219 352 3284 vei
376 3226 423 3282 vis
440 3229 662 3304 particularum.
700 3226 812 3284 Verum
828 3246 867 3284 ne
883 3224 1093 3302 haecquirlem

183 3323 284 3408 magni
300 3321 443 3389 momenti
462 3337 541 3388 sunt.
580 3325 656 3388 Nam
670 3319 760 3389 veria
772 3329 824 3386 illa
836 3328 1009 3406 plerumque
1022 3325 1093 3437 teila
