2434 3748
175 258 241 317 362
479 255 744 317 ΙΛΙΑΛΟΣ
783 257 821 317 Σ.

218 422 221 430 ·
243 389 364 477 λάρνακ’
377 393 407 468 ές
420 395 560 480 ἀργυρέην
574 393 746 472 συλλέξατο,
759 403 823 467 τοῖς
837 395 988 460 έπονεῖτο·

243 483 360 566 σπόγγῳ
374 486 405 547 δ’
418 480 493 566 ἀμφί
506 484 652 570 πρόςωπα
666 480 716 547 καί
729 481 818 564 άμφω
830 485 901 566 χεῖρ’
915 487 1110 574 ἀπομόργνυ,

172 581 229 635 415
241 573 350 654 αὐχένα
362 598 395 638 τε
407 569 550 656 στιβαρὸν
562 569 612 638 καί
625 573 741 653 στήθεα
753 573 929 654 λαχνήεντα·

242 665 277 724 δῦ
290 659 321 723 δέ
332 663 440 742 χιτῶν’·
454 661 500 724 ἕλε
512 659 543 724 δέ
556 665 706 744 σκῆπτρον
719 657 808 743 παχά,
822 665 859 744 βῆ
873 660 903 724 δέ
915 658 1045 745 θύραζε,

189 827 192 833 ¹
240 747 391 830 χωλείαν·
405 745 462 814 ἀπὸ
477 750 507 810 δ’
521 749 687 830 ἀμφίπολοι
700 749 814 832 ῥώοντο
828 745 943 824 άνακτι,

239 834 381 920 χράσειαι,
395 837 483 917 ζωῇσι
496 839 619 917 νεήνισιν
632 836 773 900 εἰοικυῖαι.

240 930 293 1004 τῆς
305 925 336 987 έν
347 923 398 1006 μέν
411 925 480 996 νόος
493 921 557 989 έστί
570 921 646 1006 μετά
657 927 769 1010 φρεσίν,
782 925 814 988 έν
826 924 857 990 δὲ
870 921 920 990 καί
933 928 1017 1007 αάδῆ,

170 1022 226 1078 42⁰
240 1011 290 1076 καὶ
303 1014 421 1087 σθένος,
435 1010 598 1078 ἀθανάτων
611 1010 642 1077 δέ
654 1019 735 1078 θεῶν
749 1011 809 1078 ἀπο
823 1013 893 1098 ἔργα
907 1013 1012 1078 ἴσασιν.

239 1103 271 1164 αἱ
283 1101 336 1184 μὲν
348 1099 469 1166 ὕπαιθα
482 1101 611 1174 άνακτος
624 1101 797 1166 έποίπνυον·
811 1100 906 1186 αὐτὰρ
920 1106 936 1166 ὁ
949 1103 1053 1186 έῤῥων,
1075 1109 1080 1136 ¹

238 1191 371 1271 πλησίον,
385 1192 461 1254 ένθα
476 1191 566 1264 Θέτις
578 1217 642 1276 περ,
656 1187 704 1254 έπί
716 1189 829 1275 θρόνου
843 1189 883 1266 ίζε
896 1198 1033 1272 φαεινοῦ·

239 1280 269 1342 έν
281 1281 308 1342 τ’
321 1278 381 1363 άρα
394 1279 424 1342 σί
436 1285 477 1361 φῆ
488 1281 573 1364 χειρί,
587 1281 658 1352 έπος
671 1281 698 1344 τ’
710 1279 805 1362 ἔφατ’,
819 1280 850 1343 έκ
863 1281 889 1343 τ’
903 1279 1060 1361 ὀνόμαζεν·

287 1367 390 1440 Τίπτε,
406 1369 479 1433 Θέτι
491 1365 668 1442 τανάπεπλε,
683 1365 792 1441 ίκάνεις
804 1368 942 1450 ἡμέτερον
956 1373 1007 1441 δώ,

170 1463 225 1520 425
239 1453 336 1536 αι’δοίη
350 1479 382 1517 τε
395 1455 467 1536 φίλη
480 1481 530 1529 τις
542 1453 640 1540 πάρος
653 1481 684 1537 γε
696 1455 748 1537 μέν
760 1455 825 1521 οὕτι
838 1456 983 1538 θαμίζεις.

239 1541 317 1606 αὕδα
330 1539 386 1616 ὄπι
399 1543 547 1628 φρονέεις·
561 1545 678 1608 τελέσαι
692 1545 726 1608 δέ
736 1571 771 1626 με
783 1542 882 1626 θυμὸς
896 1543 1012 1627 άνωγεν,

238 1631 265 1696 ει’
276 1629 403 1714 δάναμαι
416 1633 535 1698 τελέσαι
547 1657 586 1716 γε,
600 1629 649 1697 καί
663 1633 691 1697 εί
701 1634 905 1716 τετελεσμένον
919 1635 1004 1698 ε’στίν.

286 1718 347 1785 Τὸν
360 1723 392 1784 δ’
404 1723 530 1806 ἠμείβετ’
544 1723 645 1788 ἔπειτα
661 1723 750 1795 Θέτις
763 1719 842 1787 κατά
855 1719 946 1805 δάκρυ
957 1725 1081 1804 χέουσα·

232 1806 384 1892 Ἥφαιστ’,
398 1804 415 1892 ίγ
429 1809 489 1895 άρα
501 1811 540 1892 δη’
548 1837 603 1885 τις,
618 1807 689 1876 ὅσαι
698 1810 775 1875 θεαί
784 1811 836 1876 εἰτ’
850 1811 881 1874 έν
892 1807 1036 1890 Ὀλύμπῳ,

119 1950 122 1954 -
167 1899 361 1964 430.τοσσάδ’
376 1895 417 1962 ένὶ
430 1895 533 1984 φρεσὶν
545 1892 610 1980 ῆσιν
624 1901 762 1982 ἀνέσχετο
776 1902 865 1982 κη’δεα
878 1896 977 1982 λυγρά,

236 1985 300 2052 ὅσσ’
314 1984 378 2070 ε’μσί
391 1987 423 2051 έκ
435 1989 553 2054 πασέων
566 1989 715 2072 Κρονίδης
727 1985 803 2062 Ζεὺς
816 1987 894 2069 ἄλγε’
907 1987 1028 2061 έδωκενς

236 2078 267 2138 έκ
280 2077 332 2156 μ’έν
345 2079 374 2157 μ’
388 2075 507 2141 ἀλλάων
520 2076 632 2142 ἁλιάων
646 2074 729 2158 ἀνδρί
742 2075 902 2159 δάμασσεν,
993 2111 996 2124 ’
1059 2097 1063 2104 ’

142 2199 144 2206 >
235 2165 367 2243 Αίακίδη
379 2169 486 2246 Πηλῆϊ,
501 2163 550 2230 καὶ
564 2167 648 2248 έτλην
661 2168 764 2250 ἀνέρος
777 2169 868 2246 εάν-ῆν,
979 2189 981 2196 ’

236 2249 333 2314 πολλὰ
346 2247 414 2332 μάλ’
428 2255 481 2316 οιλκ
494 2253 653 2318 ἐθέλουσα·
668 2257 684 2318 ὁ
697 2253 748 2337 μέν
761 2255 796 2335 δῆ
809 2257 899 2338 γήραΐ
908 2259 1003 2337 λυγρῷ

164 2343 219 2408 435
232 2349 326 2405 κεῖται
338 2336 380 2403 ivi
392 2338 531 2426 μεγάροις
544 2344 695 2426 ἀρημένος.
709 2340 787 2406 άλλα
800 2344 834 2406 δέ
843 2368 894 2424 μοι
907 2347 970 2406 νῦν·

234 2427 297 2495 υἱὸν
311 2429 377 2494 ἐπεί
385 2456 436 2512 μοι
449 2436 522 2496 δάκε
535 2433 672 2513 γενέσθαι
685 2457 717 2496 τε
729 2430 877 2515 τραφέμεν
890 2455 932 2505 τε,

234 2521 337 2604 έξοχον
349 2520 464 2604 ἡρώων·
478 2523 494 2584 ὁ
508 2522 538 2584 δ’
552 2521 712 2604 ἀνέδραμεν
724 2521 802 2605 έρνελ
811 2521 887 2592 ἶσος·

235 2608 286 2674 τὸν
299 2609 351 2691 μὲν
364 2605 420 2690 ἐγώ
432 2609 589 2692 θρέψασα,
603 2605 696 2690 φυτὸν
710 2605 750 2681 ώς
763 2613 856 2691 γουνῷ
870 2608 976 2688 ἀλωῆς,

236 2696 336 2779 νηυσὶν
350 2697 530 2780 ἐπιπροέηκα
543 2697 696 2782 κορωνίσιν
704 2695 793 2761 Ἰλιον
806 2695 891 2770 εἴσω,

167 2796 223 2853 440
239 2783 340 2871 Τρωσὶ
353 2787 569 2868 μαχησόμενον·
583 2784 636 2850 τὸν
649 2787 679 2849 δ’
694 2788 746 2868 οὐχ
758 2785 939 2868 ὑποδέξομαι
952 2775 1048 2854 αὖτις,

237 2871 337 2940 οἴκαδε
349 2877 544 2956 νοστήσαντα,
558 2874 648 2954 δόμον
659 2877 790 2954 Πηληῒον
803 2871 881 2937 εἴσω.

237 2965 317 3047 ὄφρα
331 2965 365 3028 δέ
373 2989 423 3046 μοι
437 2963 502 3037 ζώει
515 2958 565 3024 καὶ
578 2964 635 3044 5ρᾷ
648 2958 725 3042 φάος
738 2962 876 3036 Ἠελίοιο,

238 3053 371 3134 άχνυται,
385 3053 455 3116 οὐδέ
465 3050 497 3114 τί
507 3049 537 3112 οἱ
549 3045 675 3130 δύναμαι
687 3055 867 3133 χραισμῆσαι
882 3049 977 3114 ἰοῦσα.

234 3138 342 3222 κοάρην
353 3137 388 3219 ῆν
401 3139 460 3223 άρα
473 3138 503 3202 οἱ
514 3137 601 3220 γέρας
614 3138 710 3214 ἔξελον
722 3138 782 3210 υἷες
794 3135 930 3220 Ᾱχαιών,

166 3239 221 3296 445
234 3230 286 3309 τὴν
300 3224 346 3310 ἀιγ
360 3228 391 3289 έκ
402 3231 506 3308 χειρῶν
518 3225 600 3288 ἕλετο
614 3224 717 3310 κρείων
729 3221 925 3308 Ἀγαμέμνων,

237 3316 302 3396 ῆτοι
316 3317 331 3378 ὁ
345 3321 397 3395 τῆς
410 3315 512 3394 ἀχέων,
527 3316 636 3396 φρένας
649 3313 767 3394 ἔφθιεν·
782 3312 877 3396 αὐτάρ
890 3311 1027 3393 Ᾱχαιοὺς

1200 2645 1202 2686 λ
