2422 3736
183 205 254 274 154
495 205 763 268 ΙΛΙΑΔΟΣ
807 209 849 274 Θ.·’

252 337 301 420 [is
314 343 341 409 τ’
354 334 572 426 ίφανενπάσαι
585 339 708 417 σκοπιαί
722 340 773 410 καὶ
786 340 921 433 πράονες
934 343 1033 436 άκροι,

249 430 300 500 καὶ
313 430 422 500 νάπαι·
436 433 604 520 οὐρανόθεν
616 437 647 500 θ’
660 433 708 522 ἄρ’
721 435 871 524 ὑπερράγη
885 437 1016 515 άσπετος
1029 436 1149 526 αἰθήρ]

249 520 351 590 πάντα
365 526 400 591 δι’
409 527 436 592 τ’
449 525 559 592 εἴδεται
572 524 686 610 άστρα·
705 525 811 610 γέγηθε
825 529 859 592 δι’
868 554 901 594 τε
914 530 1009 618 φρίνα
1021 531 1147 615 ποιμήν

179 623 233 682 560
247 613 345 681 τόσσα
357 614 465 702 μεσηγὺ
477 614 612 699 sederitis
624 614 762 685 Ξάνθοιο
776 613 886 701 ῥοάων,

252 702 533 792 Τράανικαιόντσιν,
546 701 628 791 πυρά
642 705 766 788 φαίνετο
779 704 886 772 Ἰλιόθι
899 703 968 792 πρό.

247 796 319 880 χίλι’
332 795 381 882 ἄρ’
394 798 425 860 ἐν
437 795 529 880 πεδίῳ
542 792 624 882 πυρά
636 796 753 861 καίετο·
766 794 829 882 πάρ
844 796 875 863 δὲ
888 797 1006 883 ἑκάστῳ

250 883 332 950 εἵατο
345 882 546 968 πεντήκοντα,
554 888 628 969 σε’λρ
640 882 735 972 πυρός
748 885 933 968 αἰθομένοιο.

250 971 336 1040 ίπποι
349 973 380 1064 di
393 985 446 1062 κρῖ
453 973 558 1039 λευκόν
571 973 762 1062 ἐρεπτόμενοι
774 972 825 1039 καὶ
839 975 961 1060 ὀλύρας,

180 1071 234 1130 565
247 1064 390 1140 ἑσταότες
402 1066 474 1150 παρ’
488 1063 626 1150 ὄχεσφιν,
634 1063 781 1151 ἐΰθρονον
793 1066 855 1132 Ἠῶ
867 1066 983 1150 μίμνον.

457 1344 1006 1477 1A1Au021.¹

596 1552 778 1569 ...n—.-

302 1629 503 1700 ApudAchivos,
514 1644 540 1682 et
549 1632 688 1698 praeterito
699 1631 848 1682 discrimine
857 1633 996 1699 perculsos,
1007 1645 1032 1683 et
1038 1633 1148 1686 instante
1176 1647 1188 1658 ·

254 1705 419 1763 conterritos,
434 1705 502 1752 clam
512 1703 543 1751 ab
553 1698 750 1766 Agamemnone
761 1720 881 1768 proceres
892 1715 1070 1762 convocantur,
1087 1704 1150 1767 qui-

249 1773 298 1822 bus
308 1789 354 1822 rex
364 1773 501 1824 consilium
509 1773 584 1836 fugae
595 1785 620 1822 et
629 1771 805 1839 properandae
815 1789 862 1838 per
872 1784 975 1822 noctem
981 1772 1149 1834 navigationis

250 1841 341 1891 indicit
351 1836 465 1955 (1-283.
489 1837 591 1906 Aturpi
602 1843 703 1907 incepto
717 1839 884 1892 dehortantur
897 1859 957 1890 eum
965 1838 1109 1888 Diomedes
1118 1856 1150 1888 ac

249 1911 344 1960 Nestor
355 1909 437 1977 (aq-7
457 1908 476 1968 l.
496 1909 625 1960 Excubiae
636 1911 753 1960 locantur
762 1929 810 1976 pro
821 1910 986 1960 munimentis
996 1919 1148 1970 castrorum,

250 1980 279 2029 iu
287 1975 493 2044 Agamemnonis
506 1982 617 2030 tentorio
635 1996 714 2029 coena
723 1992 826 2046 paratur
836 1979 996 2045 proceribus,
1016 1987 1074 2040 post
1084 1992 1149 2024 coe-

249 2065 312 2098 nam
328 2047 436 2097 sollicite
452 2049 535 2111 egitur
545 2049 576 2098 de
589 2045 690 2100 Achille
701 2049 826 2115 placando
839 2048 906 2098 etad
916 2043 1149 2096 exercitumredu-

250 2117 333 2168 sendo
350 2114 501 2182 (φφ-115).
528 2118 587 2183 Ipse
601 2115 765 2182 Agamemno
785 2119 837 2175 illi,
857 2118 878 2162 si
898 2111 1059 2163 iracundiam
1074 2129 1150 2163 suam

249 2187 367 2252 publicae
379 2183 521 2228 necessitati
531 2187 672 2244 remiserit,
692 2197 717 2231 et
732 2188 853 2232 intactam
862 2181 1006 2228 Briseidem
1017 2193 1043 2229 et
1052 2181 1149 2230 eximia

251 2252 320 2302 dona
334 2249 462 2314 promittit
478 2245 488 2308 (
496 2250 616 2298 114-161
625 2248 644 2312 l.
672 2249 719 2296 His
734 2265 795 2298 curn
810 2247 1000 2295 conditionibus
1010 2250 1149 2298 mittuntur

249 2319 300 2368 viri
310 2336 325 2366 a
334 2316 443 2366 Nestore
459 2312 564 2374 delecti,
585 2315 714 2376 Phoenix,
735 2332 812 2380 quem
821 2310 918 2360 Achilli
932 2325 1004 2376 pater
1019 2329 1150 2368 rectorem
1200 2369 1203 2377 ,

250 2387 367 2436 iuventae
387 2379 532 2440 addiderat,
551 2377 618 2430 Aiax
635 2383 731 2442 maior,
752 2381 869 2447 Ulysses,
896 2378 948 2428 duo
968 2380 1150 2435 caduceatores

251 2454 338 2521 (162-
346 2446 417 2514 184).
442 2448 551 2511 Legatos
562 2451 643 2498 amice
655 2451 750 2514 excipit
758 2447 879 2507 Achilles,
891 2447 937 2496 sed
947 2465 1045 2511 eorum,
1058 2470 1150 2516 quam.

249 2524 288 2574 vis
300 2531 434 2578 accuratas,
451 2533 545 2582 graves,
556 2518 663 2568 blandas
674 2521 801 2568 orationes
813 2529 837 2566 et
846 2519 932 2566 omnia
942 2513 1149 2582 Agamemnonis

250 2592 379 2660 promissa
398 2587 577 2652 adspernamr3
596 2599 726 2654 praeterea
740 2587 899 2636 Phoenicem
918 2586 985 2652 apud
1004 2604 1030 2636 se
1047 2577 1149 2652 re'ftnet,

251 2677 313 2711 cum
325 2675 405 2723 eoque
421 2657 448 2705 in
458 2657 568 2720 patriam
577 2655 732 2722 propediem
742 2673 768 2704 sc
779 2653 922 2704 rediturum
932 2657 1045 2705 minatur
1060 2654 1150 2721 (185-

250 2727 327 2793 668).
355 2727 394 2776 Ita
410 2737 547 2790 postquam
562 2727 661 2774 irritam
674 2725 832 2788 legationem
845 2726 1027 2774 renunciarunt
1040 2723 1107 2776 Aiax
1123 2737 1150 2776 et
1209 2764 1211 2777 τ

249 2794 355 2862 ΠΙγεεει
361 2829 368 2855 ,
388 2795 498 2857 graviter·
509 2795 616 2844 afflictos
627 2794 756 2858 principes
767 2795 900 2844 confirmat
909 2792 1062 2856 Diomedes,
1077 2793 1149 2852 etad

250 2864 419 2932 pertinaciam
427 2862 559 2927 pugnandi
569 2863 684 2917 hortetur
697 2860 761 2929 (669
769 2862 840 2930 -713
848 2859 866 2927 ).

291 2997 522 3100 Πρεσβεία
552 2991 667 3093 πρὸς
692 2993 902 3090 Ἀχιλλέα.
954 2999 1105 3070 Atrei.

239 3107 317 3210 Ὣς
332 3133 361 3200 οἱ
373 3131 425 3218 μίν
441 3137 542 3221 Τρῶες
556 3129 694 3217 φυλακάς
707 3131 789 3218 ἔχον·
803 3126 899 3217 αὐτάρ
911 3109 1054 3214 ν’ίχαιοὺς

252 3223 459 3310 θεσπεσίηίχε
473 3225 561 3308 φάζα,
576 3225 673 3311 φόβον
685 3223 846 3312 κρυόεντος
859 3221 978 3305 ἑταίρη·

250 3319 362 3386 πένθεϊ
372 3319 402 3382 δ’
416 3316 536 3403 ἀτλήτῳ
549 3316 716 3404 βεβολήατο
729 3314 841 3388 πάντες
855 3309 982 3398 άριστοι.
