2438 3744
344 227 610 293 ΙΛΙΑΔΟΣ
648 236 758 298 XIII.
968 239 1035 302 255

137 399 226 456 ποινη
211 367 271 436 δ’
286 369 367 444 οὔτις
380 371 517 444 παιδὸς’
502 371 629 456 εγίγνετο
643 361 828 476 τεθνηῶτος.

62 476 120 532 660
184 466 248 528 Τοῦ
263 461 294 527 δὲ
306 459 406 576 Πάρις
417 459 500 545 μάλα
512 465 645 545 θυμὸν’
626 454 846 548 απάκταμένσιο
859 465 1000 553 χολῶθη·

139 553 283 632 ξεῖνος’
247 579 303 638 γαρ
317 553 345 617 οἱ
359 552 407 635 ἔην
420 553 542 616 πολέσιν
555 552 630 634 μετὰ
643 557 909 670 Παφλαγόνεσσιν·

137 649 194 710 τοῦ
207 641 255 727 ὅγε
267 642 418 726 χωόμενος
430 643 526 722 προΐει
539 647 705 728 χαλκήρε’
691 647 799 710 οϊστόν.

136 729 173 817 ἦν
186 734 220 797 66
230 747 276 806 τις
289 734 440 817 Εὐχήνωρ,
454 734 605 797 Πολυίδου
618 731 742 846 μάντιος
755 737 829 811 υἱός,

139 823 262 906 ἀφνειός
275 850 293 887 τ
294 823 436 905 ’ἀγαθός
449 849 490 895 τε,
503 824 725 907 Κορινθόθι
694 826 774 889 οικία
786 827 887 903 ναίων,

65 909 168 986 6666,-
182 913 215 997 ῥ’
228 907 260 976 εδ
274 910 359 986 εἰδὼς
371 913 447 1026 {666³
462 914 559 994 ὀλοὴν,
573 910 621 976 ε’πλ
634 915 702 996 νηὸς
715 916 837 999 ἔβαινεν.

139 999 319 1068 πολλάκι’
282 1028 338 1117 χαρ
353 1003 383 1068 οἱ
395 1003 472 1066 ἔειπε
485 1003 575 1114 γέρων
590 1005 709 1118 ἀγριθὸς
721 1004 805 1070 Πολι
808 1015 871 1081 ιδο
855 1056 879 1084 ,,

139 1092 236 1174 νοίσῳ
249 1092 289 1156 ὑπ
290 1093 443 1176 ’ἀργαλέη
457 1093 641 1204 ηθίσθαι
608 1121 653 1164 ως
666 1095 696 1157 ε’ν
708 1093 888 1181 μεγάροισιν,

138 1178 157 1264 6
169 1208 229 1296 μετ
225 1177 373 1265 ’Ἀχαιῶν
386 1179 486 1266 νηυσίν
498 1182 556 1267 ὑπὸ
573 1180 707 1265 Τρώεσσι
721 1191 862 1268 δαμίγ·ναι

140 1277 183 1354 τῷ
197 1272 229 1356 ῥ’
244 1269 307 1354 ἅμα
320 1299 338 1336 τ
338 1273 506 1385 ’ἀργαλέην
518 1262 605 1354 θωὴν
619 1274 746 1337 ἀλέεινεν
758 1271 895 1358 Αχαιῶν,

67 1373 123 1428 670
137 1362 245 1425 νοῦσόν
258 1387 290 1425 τε
303 1365 452 1446 στυγερήν,
467 1359 514 1425 ἵνα
526 1363 565 1443 μὴ
578 1360 677 1426 πάθοι
692 1361 784 1474 άλχεα
796 1371 895 1448 θυμῷ

138 1452 192 1516 τὸν
205 1449 300 1535 βάλ’
285 1453 344 1562 γπὸ
357 1461 505 1535 γναθμοῖο
518 1449 569 1514 καὶ
584 1450 708 1525 οὔατος·
724 1447 788 1516 ῶνα
802 1453 832 1518 δὲ
845 1451 944 1537 θυμὸς

139 1539 223 1624 ᾤχετ’
237 1541 298 1606 ἀπὸ
311 1543 431 1654 μελέων,
446 1544 586 1624 στυγερὸς
600 1541 666 1605 δ”’
645 1569 705 1627 αρα
717 1569 766 1624 μιν
780 1543 888 1617 σκότος
902 1545 983 1612 εἷλεν.

177 1627 277 1704 Ως“
248 1657 276 1695 οι
288 1629 340 1714 μὲν
352 1632 503 1717 μάρναντο
519 1633 610 1714 δέμας
623 1634 717 1717 πυρὸς
731 1633 923 1715 αἰθομένοιο·

131 1717 291 1806 Ἐκτωρδ’
306 1724 358 1785 οὖν
373 1723 521 1786 ἐπέπυστο
535 1721 592 1784 Διί
601 1721 699 1801 φιλος,
714 1723 785 1786 οὐδέ
794 1748 823 1787 τι
837 1721 899 1805 666,

65 1820 120 1876 675
136 1807 202 1874 ὅττι
216 1809 255 1922 ρά
269 1811 297 1875 06
311 1817 386 1893 νηῶν
400 1812 445 1875 ἐπ’
459 1808 606 1922 ἀριστερα
616 1811 758 1922 δηῐέριντο
822 1829 825 1834 “

117 1896 233 1964 λαοι
220 1927 261 1964 νπ
262 1896 433 1990 Ἀργείων·
449 1897 606 2014 τάχαδ’
589 1927 625 1964 αν
638 1927 688 1964 και
680 1898 790 1974 κυδος
802 1895 930 1984 Αχαιιον

137 1990 260 2053 ἔπλετο·
274 2000 356 2062 τοῖος
369 1989 424 2076 γὰρ
438 1992 578 2102 γαιήοχος
589 1991 800 2104 Ἐννοσίγαιος

138 2078 235 2161 ῶτρον
221 2074 438 2194 Ἀργείους.
427 2082 503 2165 πρὸς
507 2079 547 2145 δὲ
561 2081 660 2144 σθένει
674 2081 766 2153 αὐτὸς
779 2078 899 2162 ἄμυνεν·

137 2169 234 2233 ἀλλ”
217 2195 289 2252 εχεν,
302 2195 320 2250 η
332 2185 511 2255 ταπρωτα
491 2168 590 2243 πέλας
603 2166 654 2234 καὶ
667 2179 765 2283 τεῖχος
778 2171 847 2242 εςαλ
850 2196 897 2246 το,

66 2271 122 2325 680
136 2258 300 2341 ῥηξάμενος
313 2264 442 2324 Δαναῶν
454 2259 579 2333 πυκινὰς
592 2261 698 2344 στίχας
712 2257 901 2326 ἀσπιστάων·

137 2349 202 2413 ἔνθ’
215 2349 286 2414 ἕσαν
298 2348 437 2423 Αἴαντός
450 2377 482 2415 τε
495 2351 556 2422 νέες
570 2347 620 2414 καὶ
632 2349 864 2434 Πρωτεσιλάου,

136 2440 226 2502 θῖν’”
211 2464 247 2522 εφ
248 2441 344 2512 ’ἁλὸς
357 2439 504 2521 πολιῆς’
476 2441 638 2524 ειρνμέναι
652 2437 748 2523 αὐτὰρ
761 2437 891 2520 ὕπερθεν

135 2537 233 2611 τεῖχος
247 2531 388 2611 ἐδέδμητο
401 2530 656 2616 χθαμαλώτατον,
670 2531 747 2594 ἔνθα
759 2525 892 2610 μάλιστα

135 2616 315 2733 ζαχρηεῖς’
283 2637 415 2730 γιγνοντο
429 2615 528 2729 μάχη
521 2620 610 2684 αὐτοί
620 2615 715 2684 τεκαὶ
729 2617 825 2682 ἵπποι.

65 2716 121 2774 685
175 2707 276 2773 Ἔνθα
289 2706 320 2772 66
331 2704 465 2772 Βοιωτοὶ
479 2706 529 2772 καί
542 2706 650 2781 Ἰάονες
663 2697 860 2796 ἑλκεχίτωνες,
959 2737 960 2742 “

135 2793 251 2883 Λοκροί
264 2825 315 2863 και
306 2794 429 2864 Φθισι
442 2825 492 2862 και
483 2793 719 2888 φαιδιμόεντες
725 2798 845 2871 Ἐπειοί,
944 2795 949 2804 ’

138 2889 279 3000 σπουδη’
259 2889 447 2954 επαὶσσοντα
459 2893 531 2952 νεῶν
544 2889 624 2970 ἔχον·
639 2889 707 2952 οὐδ’
717 2879 863 2952 έδίναντο

137 2971 215 3041 ῶσαι
227 2979 288 3042 ἀπὸ
302 2977 414 3060 σφείων
428 2973 515 3060 φλογὶ
529 2975 661 3042 εἴκελον
657 2987 786 3091 Εγτορα
794 2984 873 3041 δῖον·

137 3067 167 3129 οί
178 3065 230 3148 μὲν
241 3062 413 3150 Αθηναίων
425 3068 692 3150 προλελεγμένοι·’
678 3095 708 3131 εν
721 3065 786 3131 δ”
766 3091 826 3150 αρα
839 3073 935 3130 τοῖσιν

66 3165 122 3223 690
135 3150 200 3240 ἦρχ’
213 3156 277 3229 υίὸς
289 3164 419 3233 Πετεῶο,
433 3155 620 3230 Μενεσθεύς·
635 3158 664 3221 οἱ
676 3160 707 3221 δ’
721 3152 770 3237 ἅμ’
785 3156 893 3221 ἕποντο
940 3233 942 3242 ¹

138 3245 252 3317 Φείδας
265 3273 297 3311 τε
309 3248 434 3332 Στιχίος
448 3274 480 3312 τε
492 3247 573 3319 Βίας
586 3249 612 3311 τ’
626 3245 689 3319 ἒΰς·
704 3243 801 3332 αὐτὰρ
814 3247 934 3311 Ἐπειῶν

138 3333 286 3418 Φυλείδης
298 3363 330 3403 τε
343 3340 453 3422 Μέγης,
465 3333 597 3420 Ᾱμφίων
610 3361 642 3400 τε
655 3335 789 3422 Δρακίος
802 3361 842 3399 τε.
