<?xml version="1.0" encoding="UTF-8"?>
<!DOCTYPE html PUBLIC "-//W3C//DTD XHTML 1.0 Transitional//EN"
    "http://www.w3.org/TR/xhtml1/DTD/xhtml1-transitional.dtd">
<html xmlns="http://www.w3.org/1999/xhtml" xml:lang="en" lang="en">
 <head>
  <title>
</title>
<meta http-equiv="Content-Type" content="text/html;charset=utf-8" />
  <meta name='ocr-system' content='tesseract 3.04.00' />
  <meta name='ocr-capabilities' content='ocr_page ocr_carea ocr_par ocr_line ocrx_word'/>
</head>
<body>
  <div class='ocr_page' id='page_1' title='image "./carmina00homegoog_0092.png"; bbox 0 0 2406 3728; ppageno 0'>
   <div class='ocr_carea' id='block_1_1' title="bbox 155 186 807 273">
    <p class='ocr_par' dir='ltr' id='par_1_1' title="bbox 155 186 807 273">
     <span class='ocr_line' id='line_1_1' title="bbox 155 186 807 273; baseline 0.005 -24"><span class='ocrx_word' id='word_1_1' title='bbox 155 189 200 250; x_wconf 77' lang='lat'><strong><em>70</em></strong></span> <span class='ocrx_word' id='word_1_2' title='bbox 461 186 730 273; x_wconf 39' lang='grc' dir='ltr'><em>ΙΛΙΗΑΛΟΣ</em></span> <span class='ocrx_word' id='word_1_3' title='bbox 768 189 807 252; x_wconf 90' lang='grc' dir='ltr'><strong><em>Δ.</em></strong></span> 
     </span>
    </p>
   </div>
   <div class='ocr_carea' id='block_1_2' title="bbox 221 322 930 444">
    <p class='ocr_par' dir='ltr' id='par_1_2' title="bbox 221 322 930 444">
     <span class='ocr_line' id='line_1_2' title="bbox 221 322 930 444; baseline 0.006 -52"><span class='ocrx_word' id='word_1_4' title='bbox 221 326 392 444; x_wconf 77' lang='grc' dir='ltr'><strong><em>ἐρχόμενον</em></strong></span> <span class='ocrx_word' id='word_1_5' title='bbox 391 322 470 398; x_wconf 80' lang='grc' dir='ltr'><strong><em>κατά</em></strong></span> <span class='ocrx_word' id='word_1_6' title='bbox 483 322 595 394; x_wconf 94' lang='grc' dir='ltr'><strong><em>πόντον</em></strong></span> <span class='ocrx_word' id='word_1_7' title='bbox 607 322 665 393; x_wconf 83' lang='grc' dir='ltr'><strong><em>ύπό</em></strong></span> <span class='ocrx_word' id='word_1_8' title='bbox 679 326 858 416; x_wconf 87' lang='grc' dir='ltr'><strong><em>Ζεφύροιο’</em></strong></span> <span class='ocrx_word' id='word_1_9' title='bbox 845 331 930 414; x_wconf 81' lang='grc' dir='ltr'><strong><em>ιωῆς·</em></strong></span> 
     </span>
    </p>
   </div>
   <div class='ocr_carea' id='block_1_3' title="bbox 148 417 1105 3235">
    <p class='ocr_par' dir='ltr' id='par_1_3' title="bbox 207 417 1075 683">
     <span class='ocr_line' id='line_1_3' title="bbox 220 417 1004 531; baseline 0.005 -49"><span class='ocrx_word' id='word_1_10' title='bbox 220 444 263 500; x_wconf 82' lang='grc' dir='ltr'><strong><em>τῳ</em></strong></span> <span class='ocrx_word' id='word_1_11' title='bbox 249 417 347 482; x_wconf 77' lang='grc' dir='ltr'><strong><em>”θε”</em></strong></span> <span class='ocrx_word' id='word_1_12' title='bbox 321 445 357 493; x_wconf 92' lang='grc' dir='ltr'><strong><em>τ,</em></strong></span> <span class='ocrx_word' id='word_1_13' title='bbox 371 417 525 485; x_wconf 85' lang='grc' dir='ltr'><strong><em>άνευθεν’</em></strong></span> <span class='ocrx_word' id='word_1_14' title='bbox 510 418 598 494; x_wconf 91' lang='grc' dir='ltr'><strong><em>εόντι,</em></strong></span> <span class='ocrx_word' id='word_1_15' title='bbox 612 417 851 531; x_wconf 86' lang='grc' dir='ltr'><strong><em>μελάντερυν,’</em></strong></span> <span class='ocrx_word' id='word_1_16' title='bbox 816 447 886 504; x_wconf 89' lang='grc' dir='ltr'><strong><em>ηυτε</em></strong></span> <span class='ocrx_word' id='word_1_17' title='bbox 899 419 1004 497; x_wconf 92' lang='grc' dir='ltr'><strong><em>πίσσα,</em></strong></span> 
     </span>
     <span class='ocr_line' id='line_1_4' title="bbox 221 505 1075 594; baseline 0.007 -24"><span class='ocrx_word' id='word_1_18' title='bbox 221 507 336 589; x_wconf 86' lang='grc' dir='ltr'><strong><em>φαίνετ’</em></strong></span> <span class='ocrx_word' id='word_1_19' title='bbox 350 506 394 574; x_wconf 85' lang='grc' dir='ltr'><strong><em>ίὸν</em></strong></span> <span class='ocrx_word' id='word_1_20' title='bbox 408 507 487 576; x_wconf 87' lang='grc' dir='ltr'><strong><em>κατόι</em></strong></span> <span class='ocrx_word' id='word_1_21' title='bbox 500 508 620 584; x_wconf 91' lang='grc' dir='ltr'><strong><em>πόντον,</em></strong></span> <span class='ocrx_word' id='word_1_22' title='bbox 635 505 698 592; x_wconf 86' lang='grc' dir='ltr'><strong><em>άγει</em></strong></span> <span class='ocrx_word' id='word_1_23' title='bbox 712 510 746 573; x_wconf 77' lang='grc' dir='ltr'><strong><em>δέ</em></strong></span> <span class='ocrx_word' id='word_1_24' title='bbox 755 537 788 576; x_wconf 87' lang='grc' dir='ltr'><strong><em>τε</em></strong></span> <span class='ocrx_word' id='word_1_25' title='bbox 800 511 936 576; x_wconf 85' lang='grc' dir='ltr'><strong><em>λαίλαπα</em></strong></span> <span class='ocrx_word' id='word_1_26' title='bbox 948 505 1075 594; x_wconf 74' lang='grc' dir='ltr'><strong><em>πολλόν·</em></strong></span> 
     </span>
     <span class='ocr_line' id='line_1_5' title="bbox 207 597 910 683; baseline 0.006 -23"><span class='ocrx_word' id='word_1_27' title='bbox 207 597 337 682; x_wconf 78' lang='grc' dir='ltr'><strong><em>·ῥίγησίν</em></strong></span> <span class='ocrx_word' id='word_1_28' title='bbox 349 627 382 666; x_wconf 87' lang='grc' dir='ltr'><strong><em>τε</em></strong></span> <span class='ocrx_word' id='word_1_29' title='bbox 396 599 475 675; x_wconf 81' lang='grc' dir='ltr'><strong><em>ίθάν,</em></strong></span> <span class='ocrx_word' id='word_1_30' title='bbox 487 599 546 664; x_wconf 85' lang='grc' dir='ltr'><strong><em>ύπό</em></strong></span> <span class='ocrx_word' id='word_1_31' title='bbox 561 625 593 664; x_wconf 85' lang='grc' dir='ltr'><strong><em>τε</em></strong></span> <span class='ocrx_word' id='word_1_32' title='bbox 606 598 698 671; x_wconf 87' lang='grc' dir='ltr'><strong><em>σπίυς</em></strong></span> <span class='ocrx_word' id='word_1_33' title='bbox 711 597 802 682; x_wconf 78' lang='grc' dir='ltr'><strong><em>ἤλασε</em></strong></span> <span class='ocrx_word' id='word_1_34' title='bbox 815 605 910 683; x_wconf 82' lang='grc' dir='ltr'><strong><em>μῆλα·</em></strong></span> 
     </span>
    </p>

    <p class='ocr_par' dir='ltr' id='par_1_4' title="bbox 149 685 977 1136">
     <span class='ocr_line' id='line_1_6' title="bbox 149 685 871 799; baseline -0.003 -42"><span class='ocrx_word' id='word_1_35' title='bbox 149 699 207 757; x_wconf 79' lang='lat'><strong><em>280</em></strong></span> <span class='ocrx_word' id='word_1_36' title='bbox 218 696 301 754; x_wconf 80' lang='grc' dir='ltr'><strong><em>τοῖαι</em></strong></span> <span class='ocrx_word' id='word_1_37' title='bbox 314 685 365 773; x_wconf 76' lang='grc' dir='ltr'><strong><em>ἅμ’</em></strong></span> <span class='ocrx_word' id='word_1_38' title='bbox 376 691 544 756; x_wconf 79' lang='grc' dir='ltr'><strong><em>Αἰάντεσσι</em></strong></span> <span class='ocrx_word' id='word_1_39' title='bbox 557 689 749 799; x_wconf 86' lang='grc' dir='ltr'><strong><em>Διοτρεφίων</em></strong></span> <span class='ocrx_word' id='word_1_40' title='bbox 762 690 871 774; x_wconf 83' lang='grc' dir='ltr'><strong><em>αἰζηῶν</em></strong></span> 
     </span>
     <span class='ocr_line' id='line_1_7' title="bbox 220 774 917 896; baseline 0 -52"><span class='ocrx_word' id='word_1_41' title='bbox 220 778 330 890; x_wconf 77' lang='grc' dir='ltr'><strong><em>ὀῆϊην’</em></strong></span> <span class='ocrx_word' id='word_1_42' title='bbox 315 803 346 854; x_wconf 84' lang='grc' dir='ltr'><strong><em>ες</em></strong></span> <span class='ocrx_word' id='word_1_43' title='bbox 358 780 489 864; x_wconf 85' lang='grc' dir='ltr'><strong><em>πόλεμον</em></strong></span> <span class='ocrx_word' id='word_1_44' title='bbox 501 774 625 896; x_wconf 83' lang='grc' dir='ltr'><strong><em>πυκινμὶ</em></strong></span> <span class='ocrx_word' id='word_1_45' title='bbox 634 778 752 846; x_wconf 84' lang='grc' dir='ltr'><strong><em>κίνυντο</em></strong></span> <span class='ocrx_word' id='word_1_46' title='bbox 767 781 917 864; x_wconf 87' lang='grc' dir='ltr'><strong><em>φάλαγγες</em></strong></span> 
     </span>
     <span class='ocr_line' id='line_1_8' title="bbox 190 864 898 981; baseline 0 -47"><span class='ocrx_word' id='word_1_47' title='bbox 190 867 352 945; x_wconf 90' lang='grc' dir='ltr'><strong><em>κυάνεαι,</em></strong></span> <span class='ocrx_word' id='word_1_48' title='bbox 365 868 487 936; x_wconf 91' lang='grc' dir='ltr'><strong><em>σάκεσίν</em></strong></span> <span class='ocrx_word' id='word_1_49' title='bbox 499 895 532 934; x_wconf 89' lang='grc' dir='ltr'><strong><em>τε</em></strong></span> <span class='ocrx_word' id='word_1_50' title='bbox 544 864 594 934; x_wconf 80' lang='grc' dir='ltr'><strong><em>καί</em></strong></span> <span class='ocrx_word' id='word_1_51' title='bbox 608 868 702 954; x_wconf 78' lang='grc' dir='ltr'><strong><em>ἔγχεσι</em></strong></span> <span class='ocrx_word' id='word_1_52' title='bbox 715 880 898 981; x_wconf 86' lang='grc' dir='ltr'><strong><em>πεφρικυῖαι.</em></strong></span> 
     </span>
     <span class='ocr_line' id='line_1_9' title="bbox 221 953 977 1074; baseline 0 -51"><span class='ocrx_word' id='word_1_53' title='bbox 221 953 271 1024; x_wconf 79' lang='grc' dir='ltr'><strong><em>καί</em></strong></span> <span class='ocrx_word' id='word_1_54' title='bbox 284 955 357 1033; x_wconf 84' lang='grc' dir='ltr'><strong><em>τούς</em></strong></span> <span class='ocrx_word' id='word_1_55' title='bbox 369 957 422 1043; x_wconf 78' lang='grc' dir='ltr'><strong><em>μὲν</em></strong></span> <span class='ocrx_word' id='word_1_56' title='bbox 434 959 564 1044; x_wconf 78' lang='grc' dir='ltr'><strong><em>γήθησεν</em></strong></span> <span class='ocrx_word' id='word_1_57' title='bbox 578 957 648 1026; x_wconf 80' lang='grc' dir='ltr'><strong><em>ι’ὀόιν</em></strong></span> <span class='ocrx_word' id='word_1_58' title='bbox 661 959 766 1047; x_wconf 88' lang='grc' dir='ltr'><strong><em>κρείων</em></strong></span> <span class='ocrx_word' id='word_1_59' title='bbox 777 956 977 1074; x_wconf 73' lang='grc' dir='ltr'><strong><em>Ᾰγαμίμηων,</em></strong></span> 
     </span>
     <span class='ocr_line' id='line_1_10' title="bbox 220 1046 976 1162; baseline 0.003 -49"><span class='ocrx_word' id='word_1_60' title='bbox 220 1046 275 1114; x_wconf 88' lang='grc' dir='ltr'><strong><em>καί</em></strong></span> <span class='ocrx_word' id='word_1_61' title='bbox 285 1072 380 1130; x_wconf 88' lang='grc' dir='ltr'><strong><em>σφεας</em></strong></span> <span class='ocrx_word' id='word_1_62' title='bbox 394 1049 534 1160; x_wconf 80' lang='grc' dir='ltr'><strong><em>φωνήσας</em></strong></span> <span class='ocrx_word' id='word_1_63' title='bbox 547 1049 619 1116; x_wconf 85' lang='grc' dir='ltr'><strong><em>ίπεα</em></strong></span> <span class='ocrx_word' id='word_1_64' title='bbox 632 1051 797 1136; x_wconf 86' lang='grc' dir='ltr'><strong><em>πτερόεντα</em></strong></span> <span class='ocrx_word' id='word_1_65' title='bbox 809 1050 976 1162; x_wconf 81' lang='grc' dir='ltr'><strong><em>προςηύδα·</em></strong></span> 
     </span>
    </p>

    <p class='ocr_par' dir='ltr' id='par_1_5' title="bbox 150 1136 1064 1584">
     <span class='ocr_line' id='line_1_11' title="bbox 150 1136 922 1228; baseline -0.003 -21"><span class='ocrx_word' id='word_1_66' title='bbox 150 1145 206 1208; x_wconf 77' lang='lat'><strong><em>285</em></strong></span> <span class='ocrx_word' id='word_1_67' title='bbox 263 1136 375 1206; x_wconf 80' lang='grc' dir='ltr'><strong><em>Αἴαντ’</em></strong></span> <span class='ocrx_word' id='word_1_68' title='bbox 376 1136 562 1227; x_wconf 85' lang='grc' dir='ltr'><strong><em>Αργειων</em></strong></span> <span class='ocrx_word' id='word_1_69' title='bbox 548 1167 678 1228; x_wconf 86' lang='grc' dir='ltr'><strong><em>ηγητορε</em></strong></span> <span class='ocrx_word' id='word_1_70' title='bbox 683 1138 922 1227; x_wconf 90' lang='grc' dir='ltr'><strong><em>χαλκοχιτωνων,</em></strong></span> 
     </span>
     <span class='ocr_line' id='line_1_12' title="bbox 221 1227 1021 1343; baseline 0.003 -49"><span class='ocrx_word' id='word_1_71' title='bbox 221 1235 304 1312; x_wconf 80' lang='grc' dir='ltr'><strong><em>σφῶὶ</em></strong></span> <span class='ocrx_word' id='word_1_72' title='bbox 311 1230 401 1316; x_wconf 83' lang='grc' dir='ltr'><strong><em>μίν·</em></strong></span> <span class='ocrx_word' id='word_1_73' title='bbox 413 1234 448 1298; x_wconf 84' lang='grc' dir='ltr'><strong><em>ού</em></strong></span> <span class='ocrx_word' id='word_1_74' title='bbox 460 1228 531 1343; x_wconf 84' lang='grc' dir='ltr'><strong><em>γιίρ</em></strong></span> <span class='ocrx_word' id='word_1_75' title='bbox 530 1229 600 1296; x_wconf 74' lang='grc' dir='ltr'><strong><em>ἔοικ’</em></strong></span> <span class='ocrx_word' id='word_1_76' title='bbox 615 1231 771 1318; x_wconf 78' lang='grc' dir='ltr'><strong><em>ὀτρυνέμεν</em></strong></span> <span class='ocrx_word' id='word_1_77' title='bbox 782 1229 885 1298; x_wconf 79' lang='grc' dir='ltr'><strong><em>-ούτι</em></strong></span> <span class='ocrx_word' id='word_1_78' title='bbox 898 1227 1021 1296; x_wconf 87' lang='grc' dir='ltr'><strong><em>κελεύω·</em></strong></span> 
     </span>
     <span class='ocr_line' id='line_1_13' title="bbox 220 1317 948 1437; baseline 0.003 -53"><span class='ocrx_word' id='word_1_79' title='bbox 220 1317 348 1436; x_wconf 72' lang='grc' dir='ltr'><strong><em>αρ’τόο</em></strong></span> <span class='ocrx_word' id='word_1_80' title='bbox 317 1349 372 1407; x_wconf 89' lang='grc' dir='ltr'><strong><em>γαρ</em></strong></span> <span class='ocrx_word' id='word_1_81' title='bbox 386 1322 468 1405; x_wconf 89' lang='grc' dir='ltr'><strong><em>μάλα</em></strong></span> <span class='ocrx_word' id='word_1_82' title='bbox 481 1318 587 1435; x_wconf 82' lang='grc' dir='ltr'><strong><em>λμόν’</em></strong></span> <span class='ocrx_word' id='word_1_83' title='bbox 568 1321 715 1433; x_wconf 75' lang='grc' dir='ltr'><strong><em>ανρίγετον</em></strong></span> <span class='ocrx_word' id='word_1_84' title='bbox 728 1325 774 1404; x_wconf 82' lang='grc' dir='ltr'><strong><em>ἶφι</em></strong></span> <span class='ocrx_word' id='word_1_85' title='bbox 787 1321 948 1437; x_wconf 88' lang='grc' dir='ltr'><strong><em>μάχεσθαι.</em></strong></span> 
     </span>
     <span class='ocr_line' id='line_1_14' title="bbox 220 1407 1064 1524; baseline 0.001 -50"><span class='ocrx_word' id='word_1_86' title='bbox 220 1409 256 1474; x_wconf 82' lang='grc' dir='ltr'><strong><em>αλ</em></strong></span> <span class='ocrx_word' id='word_1_87' title='bbox 259 1409 332 1522; x_wconf 85' lang='grc' dir='ltr'><strong><em>γάρ,</em></strong></span> <span class='ocrx_word' id='word_1_88' title='bbox 344 1417 405 1476; x_wconf 78' lang='grc' dir='ltr'><strong><em>Ζεῦ</em></strong></span> <span class='ocrx_word' id='word_1_89' title='bbox 417 1439 450 1477; x_wconf 89' lang='grc' dir='ltr'><strong><em>τε</em></strong></span> <span class='ocrx_word' id='word_1_90' title='bbox 462 1412 575 1520; x_wconf 87' lang='grc' dir='ltr'><strong><em>πάτερ</em></strong></span> <span class='ocrx_word' id='word_1_91' title='bbox 572 1438 622 1476; x_wconf 89' lang='grc' dir='ltr'><strong><em>και</em></strong></span> <span class='ocrx_word' id='word_1_92' title='bbox 613 1407 782 1524; x_wconf 75' lang='grc' dir='ltr'><strong><em>’Ᾰθηναίη</em></strong></span> <span class='ocrx_word' id='word_1_93' title='bbox 796 1440 846 1478; x_wconf 91' lang='grc' dir='ltr'><strong><em>και</em></strong></span> <span class='ocrx_word' id='word_1_94' title='bbox 837 1409 1016 1486; x_wconf 68' lang='grc' dir='ltr'><strong><em>Ᾱπολλον,</em></strong></span> <span class='ocrx_word' id='word_1_95' title='bbox 1061 1471 1064 1475; x_wconf 91' lang='grc'><em>.</em></span> 
     </span>
     <span class='ocr_line' id='line_1_15' title="bbox 220 1495 878 1584; baseline 0 -20"><span class='ocrx_word' id='word_1_96' title='bbox 220 1509 303 1574; x_wconf 80' lang='grc' dir='ltr'><strong><em>τοῖος</em></strong></span> <span class='ocrx_word' id='word_1_97' title='bbox 316 1505 408 1565; x_wconf 81' lang='grc' dir='ltr'><strong><em>πᾶσιν</em></strong></span> <span class='ocrx_word' id='word_1_98' title='bbox 420 1497 548 1582; x_wconf 84' lang='grc' dir='ltr'><strong><em>θυμὸς’</em></strong></span> <span class='ocrx_word' id='word_1_99' title='bbox 533 1525 575 1563; x_wconf 87' lang='grc' dir='ltr'><strong><em>ενι</em></strong></span> <span class='ocrx_word' id='word_1_100' title='bbox 567 1495 734 1582; x_wconf 77' lang='grc' dir='ltr'><strong><em>στήθεσσι</em></strong></span> <span class='ocrx_word' id='word_1_101' title='bbox 747 1503 878 1584; x_wconf 87' lang='grc' dir='ltr'><strong><em>γίνοιτο·</em></strong></span> 
     </span>
    </p>

    <p class='ocr_par' dir='ltr' id='par_1_6' title="bbox 149 1587 977 1766">
     <span class='ocr_line' id='line_1_16' title="bbox 149 1587 939 1702; baseline -0.005 -45"><span class='ocrx_word' id='word_1_102' title='bbox 149 1601 207 1657; x_wconf 86' lang='lat'><strong><em>290</em></strong></span> <span class='ocrx_word' id='word_1_103' title='bbox 220 1594 263 1674; x_wconf 82' lang='grc' dir='ltr'><strong><em>τῷ</em></strong></span> <span class='ocrx_word' id='word_1_104' title='bbox 277 1616 309 1655; x_wconf 86' lang='grc' dir='ltr'><strong><em>κε</em></strong></span> <span class='ocrx_word' id='word_1_105' title='bbox 321 1589 387 1702; x_wconf 85' lang='grc' dir='ltr'><strong><em>τμχ’</em></strong></span> <span class='ocrx_word' id='word_1_106' title='bbox 400 1589 517 1673; x_wconf 76' lang='grc' dir='ltr'><strong><em>ἠμύσειε</em></strong></span> <span class='ocrx_word' id='word_1_107' title='bbox 529 1587 618 1661; x_wconf 82' lang='grc' dir='ltr'><strong><em>πόλις</em></strong></span> <span class='ocrx_word' id='word_1_108' title='bbox 630 1587 819 1673; x_wconf 81' lang='grc' dir='ltr'><strong><em>Πριάμοιο’</em></strong></span> <span class='ocrx_word' id='word_1_109' title='bbox 798 1613 939 1666; x_wconf 88' lang='grc' dir='ltr'><strong><em>ανακτος,</em></strong></span> 
     </span>
     <span class='ocr_line' id='line_1_17' title="bbox 219 1676 985 1793; baseline -0.003 -48"><span class='ocrx_word' id='word_1_110' title='bbox 219 1676 318 1766; x_wconf 81' lang='grc' dir='ltr'><strong><em>χερσίν</em></strong></span> <span class='ocrx_word' id='word_1_111' title='bbox 330 1680 378 1793; x_wconf 76' lang='grc' dir='ltr'><strong><em>,ὑφ’</em></strong></span> <span class='ocrx_word' id='word_1_112' title='bbox 389 1679 569 1792; x_wconf 76' lang='grc' dir='ltr'><strong><em>ἡμετερησιν</em></strong></span> <span class='ocrx_word' id='word_1_113' title='bbox 583 1677 700 1744; x_wconf 83' lang='grc' dir='ltr'><strong><em>άλούσά</em></strong></span> <span class='ocrx_word' id='word_1_114' title='bbox 713 1705 746 1744; x_wconf 87' lang='grc' dir='ltr'><strong><em>τε</em></strong></span> <span class='ocrx_word' id='word_1_115' title='bbox 759 1678 930 1766; x_wconf 73' lang='grc' dir='ltr'><strong><em>περθομένη</em></strong></span> <span class='ocrx_word' id='word_1_116' title='bbox 943 1703 985 1744; x_wconf 85' lang='grc' dir='ltr'><strong><em>τε.</em></strong></span> 
     </span>
    </p>

    <p class='ocr_par' dir='ltr' id='par_1_7' title="bbox 259 1765 1105 1855">
     <span class='ocr_line' id='line_1_18' title="bbox 259 1765 1105 1855; baseline -0.001 -18.987"><span class='ocrx_word' id='word_1_117' title='bbox 259 1767 357 1846; x_wconf 85' lang='grc' dir='ltr'><strong><em>Ὣς’</em></strong></span> <span class='ocrx_word' id='word_1_118' title='bbox 329 1766 429 1846; x_wconf 84' lang='grc' dir='ltr'><strong><em>ειπόιν,</em></strong></span> <span class='ocrx_word' id='word_1_119' title='bbox 443 1768 515 1844; x_wconf 86' lang='grc' dir='ltr'><strong><em>τούς</em></strong></span> <span class='ocrx_word' id='word_1_120' title='bbox 528 1767 580 1854; x_wconf 79' lang='grc' dir='ltr'><strong><em>μὲν</em></strong></span> <span class='ocrx_word' id='word_1_121' title='bbox 593 1767 677 1834; x_wconf 85' lang='grc' dir='ltr'><strong><em>λίπεν</em></strong></span> <span class='ocrx_word' id='word_1_122' title='bbox 691 1770 793 1844; x_wconf 79' lang='grc' dir='ltr'><strong><em>αὐτοῦ,</em></strong></span> <span class='ocrx_word' id='word_1_123' title='bbox 807 1775 844 1855; x_wconf 80' lang='grc' dir='ltr'><strong><em>βῆ</em></strong></span> <span class='ocrx_word' id='word_1_124' title='bbox 858 1767 889 1834; x_wconf 74' lang='grc' dir='ltr'><strong><em>ὀύ</em></strong></span> <span class='ocrx_word' id='word_1_125' title='bbox 902 1795 956 1853; x_wconf 90' lang='grc' dir='ltr'><strong><em>μετ</em></strong></span> <span class='ocrx_word' id='word_1_126' title='bbox 957 1765 1105 1844; x_wconf 84' lang='grc' dir='ltr'><strong><em>’άλλους·</em></strong></span> 
     </span>
    </p>

    <p class='ocr_par' dir='ltr' id='par_1_8' title="bbox 220 1857 1008 1974">
     <span class='ocr_line' id='line_1_19' title="bbox 220 1857 1008 1974; baseline -0.003 -49"><span class='ocrx_word' id='word_1_127' title='bbox 220 1858 314 1926; x_wconf 78' lang='grc' dir='ltr'><strong><em>ἕνθ’.’</em></strong></span> <span class='ocrx_word' id='word_1_128' title='bbox 298 1888 346 1946; x_wconf 87' lang='grc' dir='ltr'><strong><em>ογε</em></strong></span> <span class='ocrx_word' id='word_1_129' title='bbox 358 1861 520 1948; x_wconf 79' lang='grc' dir='ltr'><strong><em>Νε”στορ’</em></strong></span> <span class='ocrx_word' id='word_1_130' title='bbox 503 1888 612 1946; x_wconf 86' lang='grc' dir='ltr'><strong><em>ετετμε,</em></strong></span> <span class='ocrx_word' id='word_1_131' title='bbox 625 1857 705 1974; x_wconf 83' lang='grc' dir='ltr'><strong><em>λιγύν</em></strong></span> <span class='ocrx_word' id='word_1_132' title='bbox 717 1859 869 1926; x_wconf 87' lang='grc' dir='ltr'><strong><em>Πυλίων’</em></strong></span> <span class='ocrx_word' id='word_1_133' title='bbox 851 1858 1008 1947; x_wconf 79' lang='grc' dir='ltr'><strong><em>αγορητὴν,</em></strong></span> 
     </span>
    </p>

    <p class='ocr_par' dir='ltr' id='par_1_9' title="bbox 151 1948 1037 2132">
     <span class='ocr_line' id='line_1_20' title="bbox 221 1948 1020 2068; baseline -0.001 -53"><span class='ocrx_word' id='word_1_134' title='bbox 221 1948 274 2027; x_wconf 84' lang='grc' dir='ltr'><strong><em>οὓς</em></strong></span> <span class='ocrx_word' id='word_1_135' title='bbox 287 1951 413 2068; x_wconf 77' lang='grc' dir='ltr'><strong><em>ἑτάρους</em></strong></span> <span class='ocrx_word' id='word_1_136' title='bbox 427 1954 600 2030; x_wconf 81' lang='grc' dir='ltr'><strong><em>στέλλοντα,</em></strong></span> <span class='ocrx_word' id='word_1_137' title='bbox 613 1948 664 2018; x_wconf 79' lang='grc' dir='ltr'><strong><em>καὶ</em></strong></span> <span class='ocrx_word' id='word_1_138' title='bbox 678 1951 843 2040; x_wconf 76' lang='grc' dir='ltr'><strong><em>ὀτρύνοντα</em></strong></span> <span class='ocrx_word' id='word_1_139' title='bbox 856 1951 1020 2036; x_wconf 88' lang='grc' dir='ltr'><strong><em>μάχεσθαι,</em></strong></span> 
     </span>
     <span class='ocr_line' id='line_1_21' title="bbox 151 2039 1037 2132; baseline -0.002 -24"><span class='ocrx_word' id='word_1_140' title='bbox 151 2044 239 2108; x_wconf 76' lang='lat'><strong>295³</strong></span> <span class='ocrx_word' id='word_1_141' title='bbox 221 2039 298 2126; x_wconf 85' lang='grc' dir='ltr'><strong><em>αμφλ</em></strong></span> <span class='ocrx_word' id='word_1_142' title='bbox 311 2045 402 2129; x_wconf 82' lang='grc' dir='ltr'><strong><em>μέγαν</em></strong></span> <span class='ocrx_word' id='word_1_143' title='bbox 415 2046 601 2132; x_wconf 88' lang='grc' dir='ltr'><strong><em>Πελάγοντα,</em></strong></span> <span class='ocrx_word' id='word_1_144' title='bbox 614 2039 785 2132; x_wconf 71' lang='grc' dir='ltr'><strong><em>Ᾰλάστορά</em></strong></span> <span class='ocrx_word' id='word_1_145' title='bbox 797 2071 830 2111; x_wconf 90' lang='grc' dir='ltr'><strong><em>τε</em></strong></span> <span class='ocrx_word' id='word_1_146' title='bbox 842 2041 984 2130; x_wconf 86' lang='grc' dir='ltr'><strong><em>Χρομίον</em></strong></span> <span class='ocrx_word' id='word_1_147' title='bbox 994 2065 1037 2118; x_wconf 89' lang='grc' dir='ltr'><strong><em>τε,</em></strong></span> 
     </span>
    </p>

    <p class='ocr_par' dir='ltr' id='par_1_10' title="bbox 220 2131 984 2218">
     <span class='ocr_line' id='line_1_22' title="bbox 220 2131 984 2218; baseline -0.004 -22"><span class='ocrx_word' id='word_1_148' title='bbox 220 2131 344 2214; x_wconf 82' lang='grc' dir='ltr'><strong><em>Αἵμονά</em></strong></span> <span class='ocrx_word' id='word_1_149' title='bbox 358 2161 391 2198; x_wconf 89' lang='grc' dir='ltr'><strong><em>τε</em></strong></span> <span class='ocrx_word' id='word_1_150' title='bbox 403 2136 551 2218; x_wconf 86' lang='grc' dir='ltr'><strong><em>κρείοντα,</em></strong></span> <span class='ocrx_word' id='word_1_151' title='bbox 563 2135 685 2200; x_wconf 86' lang='grc' dir='ltr'><strong><em>Βίαντά</em></strong></span> <span class='ocrx_word' id='word_1_152' title='bbox 698 2161 739 2207; x_wconf 88' lang='grc' dir='ltr'><strong><em>τε,</em></strong></span> <span class='ocrx_word' id='word_1_153' title='bbox 753 2133 880 2214; x_wconf 80' lang='grc' dir='ltr'><strong><em>ποιμένα</em></strong></span> <span class='ocrx_word' id='word_1_154' title='bbox 894 2136 984 2195; x_wconf 81' lang='grc' dir='ltr'><strong><em>λάων.</em></strong></span> 
     </span>
    </p>

    <p class='ocr_par' dir='ltr' id='par_1_11' title="bbox 222 2218 943 2304">
     <span class='ocr_line' id='line_1_23' title="bbox 222 2218 943 2304; baseline -0.006 -20"><span class='ocrx_word' id='word_1_155' title='bbox 222 2221 337 2302; x_wconf 82' lang='grc' dir='ltr'><strong><em>ἱππῆας</em></strong></span> <span class='ocrx_word' id='word_1_156' title='bbox 349 2219 402 2302; x_wconf 80' lang='grc' dir='ltr'><strong><em>μὲν</em></strong></span> <span class='ocrx_word' id='word_1_157' title='bbox 415 2227 521 2304; x_wconf 84' lang='grc' dir='ltr'><strong><em>πρῶτα</em></strong></span> <span class='ocrx_word' id='word_1_158' title='bbox 534 2219 587 2285; x_wconf 84' lang='grc' dir='ltr'><strong><em>σύν</em></strong></span> <span class='ocrx_word' id='word_1_159' title='bbox 601 2220 742 2284; x_wconf 85' lang='grc' dir='ltr'><strong><em>ἵπποισιν</em></strong></span> <span class='ocrx_word' id='word_1_160' title='bbox 747 2218 798 2284; x_wconf 81' lang='grc' dir='ltr'><strong><em>καὶ</em></strong></span> <span class='ocrx_word' id='word_1_161' title='bbox 812 2219 943 2301; x_wconf 82' lang='grc' dir='ltr'><strong><em>ὄχεσφιν,</em></strong></span> 
     </span>
    </p>

    <p class='ocr_par' dir='ltr' id='par_1_12' title="bbox 222 2300 1013 2390">
     <span class='ocr_line' id='line_1_24' title="bbox 222 2300 1013 2390; baseline -0.006 -17"><span class='ocrx_word' id='word_1_162' title='bbox 222 2306 329 2382; x_wconf 87' lang='grc' dir='ltr'><strong><em>πεζούς</em></strong></span> <span class='ocrx_word' id='word_1_163' title='bbox 342 2306 366 2373; x_wconf 79' lang='grc' dir='ltr'><strong><em>θ’</em></strong></span> <span class='ocrx_word' id='word_1_164' title='bbox 382 2308 507 2385; x_wconf 76' lang='grc' dir='ltr'><strong><em>ἐξόπιθε</em></strong></span> <span class='ocrx_word' id='word_1_165' title='bbox 521 2333 626 2390; x_wconf 89' lang='grc' dir='ltr'><strong><em>στησεν</em></strong></span> <span class='ocrx_word' id='word_1_166' title='bbox 639 2308 751 2378; x_wconf 78' lang='grc' dir='ltr'><strong><em>πολέας</em></strong></span> <span class='ocrx_word' id='word_1_167' title='bbox 764 2333 797 2372; x_wconf 89' lang='grc' dir='ltr'><strong><em>τε</em></strong></span> <span class='ocrx_word' id='word_1_168' title='bbox 810 2331 859 2371; x_wconf 88' lang='grc' dir='ltr'><strong><em>και</em></strong></span> <span class='ocrx_word' id='word_1_169' title='bbox 851 2300 1013 2380; x_wconf 82' lang='grc' dir='ltr'><strong><em>ἐσθλούς,</em></strong></span> 
     </span>
    </p>

    <p class='ocr_par' dir='ltr' id='par_1_13' title="bbox 222 2393 1036 2484">
     <span class='ocr_line' id='line_1_25' title="bbox 222 2393 1036 2484; baseline -0.002 -22"><span class='ocrx_word' id='word_1_170' title='bbox 222 2397 309 2484; x_wconf 76' lang='grc' dir='ltr'><strong><em>ἕρκος</em></strong></span> <span class='ocrx_word' id='word_1_171' title='bbox 322 2396 387 2481; x_wconf 79' lang='grc' dir='ltr'><strong><em>ἔμεν</em></strong></span> <span class='ocrx_word' id='word_1_172' title='bbox 399 2397 559 2481; x_wconf 79' lang='grc' dir='ltr'><strong><em>πολέμοιο·</em></strong></span> <span class='ocrx_word' id='word_1_173' title='bbox 574 2393 684 2468; x_wconf 85' lang='grc' dir='ltr'><strong><em>κακούς</em></strong></span> <span class='ocrx_word' id='word_1_174' title='bbox 698 2396 751 2460; x_wconf 83' lang='grc' dir='ltr'><strong><em>δ”</em></strong></span> <span class='ocrx_word' id='word_1_175' title='bbox 736 2421 768 2467; x_wconf 89' lang='grc' dir='ltr'><strong><em>ις</em></strong></span> <span class='ocrx_word' id='word_1_176' title='bbox 780 2397 889 2483; x_wconf 78' lang='grc' dir='ltr'><strong><em>μίσσον</em></strong></span> <span class='ocrx_word' id='word_1_177' title='bbox 903 2393 1036 2473; x_wconf 76' lang='grc' dir='ltr'><strong><em>ἔλασσεν,</em></strong></span> 
     </span>
    </p>

    <p class='ocr_par' dir='ltr' id='par_1_14' title="bbox 152 2484 978 2574">
     <span class='ocr_line' id='line_1_26' title="bbox 152 2484 978 2574; baseline -0.008 -18"><span class='ocrx_word' id='word_1_178' title='bbox 152 2501 208 2556; x_wconf 83' lang='grc'><strong><em>300</em></strong></span> <span class='ocrx_word' id='word_1_179' title='bbox 221 2485 304 2574; x_wconf 91' lang='grc' dir='ltr'><strong><em>όφρα</em></strong></span> <span class='ocrx_word' id='word_1_180' title='bbox 316 2485 366 2554; x_wconf 80' lang='grc' dir='ltr'><strong><em>καί</em></strong></span> <span class='ocrx_word' id='word_1_181' title='bbox 380 2488 434 2554; x_wconf 83' lang='grc' dir='ltr'><strong><em>ὀὀκ</em></strong></span> <span class='ocrx_word' id='word_1_182' title='bbox 447 2489 561 2554; x_wconf 79' lang='grc' dir='ltr'><strong><em>ἐθέλων</em></strong></span> <span class='ocrx_word' id='word_1_183' title='bbox 574 2513 621 2559; x_wconf 89' lang='grc' dir='ltr'><strong><em>τις</em></strong></span> <span class='ocrx_word' id='word_1_184' title='bbox 635 2484 779 2572; x_wconf 79' lang='grc' dir='ltr'><strong><em>ἀναγκαίη</em></strong></span> <span class='ocrx_word' id='word_1_185' title='bbox 793 2484 978 2568; x_wconf 87' lang='grc' dir='ltr'><strong><em>πυλεμιζοι.·</em></strong></span> 
     </span>
    </p>

    <p class='ocr_par' dir='ltr' id='par_1_15' title="bbox 148 2572 1006 2754">
     <span class='ocr_line' id='line_1_27' title="bbox 148 2572 1006 2694; baseline -0.001 -51"><span class='ocrx_word' id='word_1_186' title='bbox 148 2647 150 2656; x_wconf 54' lang='grc'><strong><em>,</em></strong></span> <span class='ocrx_word' id='word_1_187' title='bbox 223 2578 361 2644; x_wconf 79' lang='grc' dir='ltr'><strong><em>ἱππεῦσιν</em></strong></span> <span class='ocrx_word' id='word_1_188' title='bbox 373 2607 425 2663; x_wconf 84' lang='grc' dir='ltr'><strong><em>μεν</em></strong></span> <span class='ocrx_word' id='word_1_189' title='bbox 437 2584 523 2694; x_wconf 79' lang='grc' dir='ltr'><strong><em>πρῶτ</em></strong></span> <span class='ocrx_word' id='word_1_190' title='bbox 523 2577 732 2643; x_wconf 82' lang='grc' dir='ltr'><strong><em>ἐ’πετίλλετο·</em></strong></span> <span class='ocrx_word' id='word_1_191' title='bbox 746 2572 817 2648; x_wconf 85' lang='grc' dir='ltr'><strong><em>τούς</em></strong></span> <span class='ocrx_word' id='word_1_192' title='bbox 831 2573 886 2662; x_wconf 81' lang='grc' dir='ltr'><strong><em>γάρ</em></strong></span> <span class='ocrx_word' id='word_1_193' title='bbox 901 2575 1006 2662; x_wconf 86' lang='grc' dir='ltr'><strong><em>ἀνάγει</em></strong></span> 
     </span>
     <span class='ocr_line' id='line_1_28' title="bbox 223 2665 968 2782; baseline -0.008 -46"><span class='ocrx_word' id='word_1_194' title='bbox 223 2665 321 2751; x_wconf 77' lang='grc' dir='ltr'><strong><em>σφοὺς</em></strong></span> <span class='ocrx_word' id='word_1_195' title='bbox 334 2667 443 2744; x_wconf 82' lang='grc' dir='ltr'><strong><em>ἵππους</em></strong></span> <span class='ocrx_word' id='word_1_196' title='bbox 440 2670 566 2782; x_wconf 82' lang='grc' dir='ltr'><strong><em>ε’χίμεγ,</em></strong></span> <span class='ocrx_word' id='word_1_197' title='bbox 569 2665 651 2752; x_wconf 78' lang='grc' dir='ltr'><strong><em>μηδὲ</em></strong></span> <span class='ocrx_word' id='word_1_198' title='bbox 665 2665 852 2731; x_wconf 82' lang='grc' dir='ltr'><strong><em>κλονέεσθαι</em></strong></span> <span class='ocrx_word' id='word_1_199' title='bbox 857 2666 968 2750; x_wconf 81' lang='grc' dir='ltr'><strong><em>ὁμίλῳ·</em></strong></span> 
     </span>
    </p>

    <p class='ocr_par' dir='ltr' id='par_1_16' title="bbox 243 2753 1030 2935">
     <span class='ocr_line' id='line_1_29' title="bbox 247 2753 1030 2868; baseline -0.001 -43.972"><span class='ocrx_word' id='word_1_200' title='bbox 247 2760 357 2842; x_wconf 79' lang='grc' dir='ltr'><strong><em>Μηδί</em></strong></span> <span class='ocrx_word' id='word_1_201' title='bbox 366 2785 422 2834; x_wconf 89' lang='grc' dir='ltr'><strong><em>τις,</em></strong></span> <span class='ocrx_word' id='word_1_202' title='bbox 437 2758 586 2846; x_wconf 88' lang='grc' dir='ltr'><strong><em>ίπποσύνη</em></strong></span> <span class='ocrx_word' id='word_1_203' title='bbox 599 2782 631 2822; x_wconf 88' lang='grc' dir='ltr'><strong><em>τε</em></strong></span> <span class='ocrx_word' id='word_1_204' title='bbox 644 2753 694 2822; x_wconf 84' lang='grc' dir='ltr'><strong><em>καὶ</em></strong></span> <span class='ocrx_word' id='word_1_205' title='bbox 707 2755 849 2868; x_wconf 87' lang='grc' dir='ltr'><strong><em>η’νορεήφι</em></strong></span> <span class='ocrx_word' id='word_1_206' title='bbox 862 2754 1030 2835; x_wconf 83' lang='grc' dir='ltr'><strong><em>πεπονθός,</em></strong></span> 
     </span>
     <span class='ocr_line' id='line_1_30' title="bbox 225 2844 1022 2935; baseline 0.001 -23.024"><span class='ocrx_word' id='word_1_207' title='bbox 225 2848 297 2921; x_wconf 80' lang='grc' dir='ltr'><strong><em>οἷος</em></strong></span> <span class='ocrx_word' id='word_1_208' title='bbox 301 2845 411 2935; x_wconf 87' lang='grc' dir='ltr'><strong><em>πρόσθ’</em></strong></span> <span class='ocrx_word' id='word_1_209' title='bbox 428 2847 527 2916; x_wconf 90' lang='grc' dir='ltr'><strong><em>άλλων</em></strong></span> <span class='ocrx_word' id='word_1_210' title='bbox 540 2847 662 2932; x_wconf 82' lang='grc' dir='ltr'><strong><em>μεμάτω</em></strong></span> <span class='ocrx_word' id='word_1_211' title='bbox 679 2844 813 2932; x_wconf 81' lang='grc' dir='ltr'><strong><em>Τρώεσσι</em></strong></span> <span class='ocrx_word' id='word_1_212' title='bbox 825 2845 1022 2930; x_wconf 91' lang='grc' dir='ltr'><strong><em>μάχεσθαι,</em></strong></span> 
     </span>
    </p>

    <p class='ocr_par' dir='ltr' id='par_1_17' title="bbox 153 2933 1006 3230">
     <span class='ocr_line' id='line_1_31' title="bbox 153 2933 964 3054; baseline -0.005 -48"><span class='ocrx_word' id='word_1_213' title='bbox 153 2949 209 3006; x_wconf 82' lang='grc'><strong><em>305</em></strong></span> <span class='ocrx_word' id='word_1_214' title='bbox 220 2937 291 3022; x_wconf 81' lang='grc' dir='ltr'><strong><em>μηδ’</em></strong></span> <span class='ocrx_word' id='word_1_215' title='bbox 300 2939 513 3054; x_wconf 79' lang='grc' dir='ltr'><strong><em>ὀηαχιηρείτω</em></strong></span> <span class='ocrx_word' id='word_1_216' title='bbox 528 2933 811 3052; x_wconf 78' lang='grc' dir='ltr'><strong><em>ἀλαπαδνότεροι</em></strong></span> <span class='ocrx_word' id='word_1_217' title='bbox 773 2963 836 3048; x_wconf 87' lang='grc' dir='ltr'><strong><em>γαρ</em></strong></span> <span class='ocrx_word' id='word_1_218' title='bbox 851 2935 964 3002; x_wconf 80' lang='grc' dir='ltr'><strong><em>ἔσεσθε.</em></strong></span> 
     </span>
     <span class='ocr_line' id='line_1_32' title="bbox 226 3023 1006 3141; baseline 0 -49"><span class='ocrx_word' id='word_1_219' title='bbox 226 3023 260 3100; x_wconf 89' lang='grc' dir='ltr'><strong><em>ὀς</em></strong></span> <span class='ocrx_word' id='word_1_220' title='bbox 274 3028 341 3094; x_wconf 80' lang='grc' dir='ltr'><strong><em>δέκ’</em></strong></span> <span class='ocrx_word' id='word_1_221' title='bbox 358 3027 431 3141; x_wconf 89' lang='grc' dir='ltr'><strong><em>άνηρ</em></strong></span> <span class='ocrx_word' id='word_1_222' title='bbox 446 3026 506 3096; x_wconf 82' lang='grc' dir='ltr'><strong><em>ἀπὸ</em></strong></span> <span class='ocrx_word' id='word_1_223' title='bbox 522 3023 561 3095; x_wconf 80' lang='grc' dir='ltr'><strong><em>ὧν</em></strong></span> <span class='ocrx_word' id='word_1_224' title='bbox 575 3027 666 3112; x_wconf 76' lang='grc' dir='ltr'><strong><em>ὀχέων</em></strong></span> <span class='ocrx_word' id='word_1_225' title='bbox 679 3027 744 3114; x_wconf 81' lang='grc' dir='ltr'><strong><em>ἔτερ</em></strong></span> <span class='ocrx_word' id='word_1_226' title='bbox 743 3024 911 3113; x_wconf 82' lang='grc' dir='ltr'><strong><em>’ἅρμαθ’</em></strong></span> <span class='ocrx_word' id='word_1_227' title='bbox 897 3053 1006 3128; x_wconf 89' lang='grc' dir='ltr'><strong><em>ικηται,</em></strong></span> 
     </span>
     <span class='ocr_line' id='line_1_33' title="bbox 192 3114 954 3235; baseline -0.001 -51.953"><span class='ocrx_word' id='word_1_228' title='bbox 192 3115 301 3233; x_wconf 78' lang='grc' dir='ltr'><strong><em>ἔγχει</em></strong></span> <span class='ocrx_word' id='word_1_229' title='bbox 314 3118 519 3235; x_wconf 85' lang='grc' dir='ltr'><strong><em>ὀρεξάσθω·’</em></strong></span> <span class='ocrx_word' id='word_1_230' title='bbox 504 3146 585 3204; x_wconf 88' lang='grc' dir='ltr'><strong><em>επειη</em></strong></span> <span class='ocrx_word' id='word_1_231' title='bbox 571 3116 677 3184; x_wconf 87' lang='grc' dir='ltr'><strong><em>πολύ</em></strong></span> <span class='ocrx_word' id='word_1_232' title='bbox 690 3119 833 3230; x_wconf 66' lang='grc' dir='ltr'><strong><em>φύρτερογ</em></strong></span> <span class='ocrx_word' id='word_1_233' title='bbox 847 3114 954 3230; x_wconf 72' lang='grc' dir='ltr'><strong><em>ούηως.</em></strong></span> 
     </span>
    </p>
   </div>
   <div class='ocr_carea' id='block_1_4' title="bbox 161 3203 1012 3389">
    <p class='ocr_par' dir='ltr' id='par_1_18' title="bbox 161 3203 1012 3389">
     <span class='ocr_line' id='line_1_34' title="bbox 228 3203 1003 3326; baseline 0 -52"><span class='ocrx_word' id='word_1_234' title='bbox 228 3203 284 3275; x_wconf 79' lang='grc' dir='ltr'><strong><em>ὦδε</em></strong></span> <span class='ocrx_word' id='word_1_235' title='bbox 296 3207 347 3276; x_wconf 81' lang='grc' dir='ltr'><strong><em>καὶ</em></strong></span> <span class='ocrx_word' id='word_1_236' title='bbox 360 3212 390 3277; x_wconf 85' lang='grc' dir='ltr'><strong><em>οἱ</em></strong></span> <span class='ocrx_word' id='word_1_237' title='bbox 402 3208 543 3326; x_wconf 87' lang='grc' dir='ltr'><strong><em>πρότεροι</em></strong></span> <span class='ocrx_word' id='word_1_238' title='bbox 556 3207 666 3285; x_wconf 89' lang='grc' dir='ltr'><strong><em>πόλιας</em></strong></span> <span class='ocrx_word' id='word_1_239' title='bbox 678 3237 728 3276; x_wconf 85' lang='grc' dir='ltr'><strong><em>και</em></strong></span> <span class='ocrx_word' id='word_1_240' title='bbox 738 3235 819 3293; x_wconf 85' lang='grc' dir='ltr'><strong><em>τειχε</em></strong></span> <span class='ocrx_word' id='word_1_241' title='bbox 841 3213 1003 3295; x_wconf 86' lang='grc' dir='ltr'><strong><em>επορθονν,</em></strong></span> 
     </span>
     <span class='ocr_line' id='line_1_35' title="bbox 161 3297 1012 3389; baseline -0.001 -22"><span class='ocrx_word' id='word_1_242' title='bbox 161 3325 162 3328; x_wconf 69' lang='grc'><strong><em>’</em></strong></span> <span class='ocrx_word' id='word_1_243' title='bbox 227 3298 357 3368; x_wconf 81' lang='grc' dir='ltr'><strong><em>τόνδε’</em></strong></span> <span class='ocrx_word' id='word_1_244' title='bbox 324 3330 393 3370; x_wconf 90' lang='grc' dir='ltr'><strong><em>νυον</em></strong></span> <span class='ocrx_word' id='word_1_245' title='bbox 405 3332 455 3372; x_wconf 91' lang='grc' dir='ltr'><strong><em>και</em></strong></span> <span class='ocrx_word' id='word_1_246' title='bbox 447 3299 596 3389; x_wconf 80' lang='grc' dir='ltr'><strong><em>θυμὸν.’</em></strong></span> <span class='ocrx_word' id='word_1_247' title='bbox 576 3329 623 3369; x_wconf 89' lang='grc' dir='ltr'><strong><em>ενι</em></strong></span> <span class='ocrx_word' id='word_1_248' title='bbox 614 3297 830 3387; x_wconf 82' lang='grc' dir='ltr'><strong><em>στήθεσσιν’</em></strong></span> <span class='ocrx_word' id='word_1_249' title='bbox 813 3325 938 3388; x_wconf 84' lang='grc' dir='ltr'><strong><em>εχοντες.</em></strong></span> <span class='ocrx_word' id='word_1_250' title='bbox 1009 3337 1012 3342; x_wconf 90' lang='grc'><em>·</em></span> 
     </span>
    </p>
   </div>
   <div class='ocr_carea' id='block_1_5' title="bbox 0 0 1214 3728">
    <p class='ocr_par' dir='ltr' id='par_1_19' title="bbox 0 0 1214 3728">
     <span class='ocr_line' id='line_1_36' title="bbox 0 0 1214 3728; baseline 0 0"><span class='ocrx_word' id='word_1_251' title='bbox 0 0 1214 3728; x_wconf 95' lang='lat' dir='ltr'><strong><em> </em></strong></span> 
     </span>
    </p>
   </div>
   <div class='ocr_carea' id='block_1_6' title="bbox 1200 1049 1206 1919">
    <p class='ocr_par' dir='ltr' id='par_1_20' title="bbox 1200 1049 1206 1919">
     <span class='ocr_line' id='line_1_37' title="bbox 1200 1049 1206 1919; baseline 0 0"><span class='ocrx_word' id='word_1_252' title='bbox 1200 1049 1206 1919; x_wconf 95' lang='lat' dir='ltr'><strong><em> </em></strong></span> 
     </span>
    </p>
   </div>
  </div>
 </body>
</html>
