2406 3728
625 195 709 257 VIII

584 283 751 304 *—

212 350 367 432 egregium
384 343 589 408 'adiumentum
609 361 655 410 est
665 353 801 410 recitatio
814 369 972 428 versuum,
994 327 1109 432 'qutcfit

211 454 271 508 olto
296 469 370 508 voce
390 459 421 507 ct
437 450 474 507 ed
487 453 568 531 leges
582 471 790 512 numerorumt
825 471 899 530 quos
913 473 975 513 nen
986 458 1050 512 velo
1062 474 1108 530 pe-

211 549 261 606 des
287 551 430 630 intelligi,
459 571 512 626 per
532 571 606 628 quos
619 555 704 628 pueri
714 573 819 612 versus
833 554 976 612 scandere
988 551 1108 626 diseunt,

210 648 264 705 sed.
274 651 418 721 membre,
444 651 554 722 Incisa,
579 637 758 728 crolncsque
774 657 994 726 numerorum‚'
1006 653 1037 708 iu
1050 655 1109 729 qui-

209 749 263 804 bus
277 749 364 804 simul
378 757 408 805 et
419 758 546 807 metrum
559 769 663 808 versus
677 750 805 823 heroicI,
825 761 856 808 et
869 769 1023 823 coetui-ee,
1044 769 1109 826 quos

208 847 366 904 verborum
391 849 647 924 interpunctione·
665 851 733 908 fieri
745 852 865 921 iubent,
889 851 948 904 rite
961 858 1110 907 notentur:
1166 837 1167 840 Ἴ

209 945 288 1020 quod
301 948 344 1003 sic
359 947 476 1005 demum
487 947 589 1006 diviua
599 951 645 1006 vis
659 958 691 1005 et
701 951 798 1006 victus
810 965 903 1029 quum
916 965 1111 1021 numerorum,
1166 941 1167 944 '

206 1053 270 1102 tum
291 1047 397 1120 quibus
411 1049 454 1104 illi
468 1047 608 1106 ornandis
622 1049 790 1106 Insertiunt
803 1047 1018 1103 sententiarum
1029 1067 1111 1124 eppe-

206 1152 261 1201 ret.
299 1142 386 1213 Quod
398 1159 496 1204 eutem
505 1147 658 1221 dicebam,
684 1145 758 1203 illud
771 1147 867 1222 ipsum
882 1145 961 1222 quod
975 1148 1113 1202 voluisset

206 1253 309 1320 poete,
333 1264 430 1323 neque
442 1247 523 1305 aliud
537 1247 696 1324 quidquam
709 1244 903 1325 cogitandum
916 1243 1113 1300 sentiendum-

128 1345 138 1362 *
207 1363 264 1420 que
279 1363 362 1420 esse,
389 1347 468 1422 quod
480 1345 535 1405 hoc
548 1350 665 1406 ratione
679 1349 787 1424 optime
800 1345 998 1420 facillimeque
1013 1361 1114 1400 eonse-

206 1447 340 1519 quimur‚
372 1445 404 1502 id
429 1464 491 1502 non
515 1448 581 1505 leve
595 1449 682 1524 quid,
715 1446 768 1504 sed
781 1463 927 1504 summum
939 1445 1115 1519 maximique

206 1546 348 1602 momenti
370 1564 435 1602 esse
460 1546 624 1622 putendum
640 1556 694 1604 est.
743 1545 821 1605 Nam
845 1547 878 1602 iu
897 1561 932 1599 eo
944 1561 977 1600 re
992 1543 1116 1620 demque

206 1625 302 1701 omnis
328 1645 408 1702 iuste
428 1648 554 1703 seientIe
574 1649 760 1720 contiuetur,
798 1665 895 1724 neque
908 1653 961 1702 cut
973 1645 1117 1719 interpre-

205 1745 280 1800 totie
298 1753 351 1802 cut
370 1746 569 1825 intelligentia
582 1749 736 1824 scriptoris
750 1744 890 1823 appellari
902 1752 1015 1820 potest,
1044 1761 1119 1817 quoe

207 1841 288 1899 eliud
301 1861 389 1920 quom
399 1847 444 1903 illi
456 1849 489 1904 in
500 1857 600 1906 mente
614 1857 679 1906 erat
690 1848 888 1924 amplectitur.
906 1842 941 1900 Id
953 1843 1047 1920 igitur
1061 1859 1120 1916 quc

205 1941 326 2002 tondent
344 1947 376 2003 ln
391 1931 535 2026 scriptore
548 1951 654 2007 melius
668 1950 846 2024 faciliusque
859 1945 1006 2014 discetur,
1033 1959 1120 2016 quom
1150 2013 1155 2024 Ι

207 2044 260 2118 qui
280 2053 326 2100 est
343 2049 471 2100 maxime
485 2052 616 2100 omnium
626 2053 734 2118 plenus
748 2057 778 2096 et
792 2048 932 2116 stmplex,
959 2057 1056 2113 neque
1069 2049 1123 2096 out

206 2158 254 2198 res
282 2142 418 2198 eontInet
440 2142 583 2198 obscures
606 2150 698 2218 etque
722 2138 892 2218 ambiguus,
924 2145 977 2193 cut
991 2135 1123 2191 dictione

205 2241 301 2298 utimr
327 2241 402 2314 clia,
435 2259 523 2318 quem
545 2259 621 2318 quoe
634 2242 761 2300 monime
775 2248 820 2297 est
831 2236 1121 2309 humeneekneturec

205 2336 405 2400 conveniensi
440 2339 527 2410 Quod
553 2360 639 2399 secus
667 2351 714 2398 est
732 2340 814 2397 iniis
828 2334 1039 2413 scriptoribus,
1067 2335 1123 2408 qui

203 2443 253 2500 vel
262 2450 382 2518 propter
395 2460 496 2499 rerum
509 2460 582 2518 ques
594 2451 725 2500 nectent
737 2440 931 2498 subtilitatem
949 2441 1001 2491 eut
1020 2433 1123 2506 impli-

205 2541 362 2614 cationem,
375 2543 699 2618 velpropterotetienis
709 2559 806 2619 genus
818 2537 1000 2615 exquisitum
1009 2532 1122 2590 variis-

205 2659 262 2718 que
286 2641 391 2720 figuris
412 2641 598 2716 distinctum,
624 2643 738 2720 Iergem
754 2638 896 2717 praebent
918 2644 947 2692 et
965 2629 1126 2691 dubitandi
1165 2645 1167 2654 ·

206 2744 360 2800 materiem
374 2751 404 2800 et
417 2744 604 2800 occasionem
617 2741 744 2799 errandi.

290 2907 461 2968 Seeuntlum
484 2919 544 2983 est,
566 2920 606 2968 'ut
618 2911 708 2986 lectio
720 2910 763 2966 sit
774 2914 932 2986 perpetue,
959 2917 1059 2977 neque
1073 2899 1126 2955 in-

207 3012 525 3086 terpelleturelionum
538 3012 670 3069 lectione
683 3013 869 3087 scriptorum.
908 3007 1052 3081 spectum
1078 3007 1130 3054 est

209 3112 303 3183 enim,
328 3128 387 3186 quo
409 3113 476 3187 quis
489 3113 574 3188 pluro
586 3113 674 3168 simul
685 3119 810 3181 tractet,
836 3127 872 3164 eo
886 3106 981 3185 magis
996 3096 1133 3158 distrahi

210 3211 404 3268 ettentionem
426 3213 518 3270 enlmi
542 3229 643 3268 rerum
656 3203 820 3280 verietate,
855 3203 1053 3280 impedimque
1066 3199 1133 3273 q'uo

211 3307 359 3369 nunus‘ec
371 3313 529 3388 percipiet,
544 3327 619 3386 quoe
631 3310 749 3385 proprie
763 3307 949 3386 ungulorum
963 3311 1050 3361 sunt:
1067 3319 1136 3377 quo
1166 3317 1167 3324 ¹
